3552 4592
909 114 1069 224 456
1178 111 1798 212 Inimicum
1856 57 2664 196 UmvERiALE.
2723 63 3052 196 See‘r.
3093 114 3243 202 VI.

916 255 1107 327 alfud
1124 254 1437 328 continet
1467 263 1922 353 praetessquam
1951 261 2252 328 Amorem
2273 261 2406 326 Dea·
2421 247 2820 359 &prox-imi.
2861 259 3143 332 Totum
3165 258 3376 332 Euan·

916 356 1187 449 geliutn,
1216 354 1405 448 quo¹d
1450 353 1655 451 nobis
1684 353 1962 452 reliquit
1994 409 2014 439 ‚
2065 353 2246 426 nihil
2279 353 2467 425 aliud
2497 353 2708 451 quiem
2751 355 2976 428 media
3009 353 3222 428 docet·
3243 377 3376 428 vem

924 457 1005 525 δι’
1024 475 1305 547 propria
1321 449 1576 546 quibus
1596 450 1707 524 lex
1736 451 1851 524 illa
1877 452 2130 524 amoris
2155 451 2432 548 impleri
2469 450 2720 545 poffit?
2771 453 2995 524 Hunc
3026 473 3191 524 vero
3207 475 3376 523 amo·

922 571 1073 620 rem
1098 569 1239 620 tam
1258 549 1580 620 instanter
1601 569 1806 646 urget
1830 605 1854 639 ,
1907 569 1987 620 ut
2015 550 2090 622 &
2113 569 2436 620 aetemam
2465 550 2771 621 minetur
2793 544 3373 622 iis'damnationem

800 641 809 654 ’
932 647 1055 742 qui
1096 667 1361 718 non.ex
1390 669 1511 718 toto
1540 658 1836 738 cordejm
1859 694 1882 729 ,
1937 672 2020 715 ex
2047 671 2180 716 tota
2204 651 2415 714 anima
2419 647 2539 735 sua
2562 693 2588 733 ,
2637 665 2734 717 (9⁹
2766 674 2848 716 ex
2875 645 3146 716 omnibus
3170 647 3370 716 viribus

578 773 615 808 ι
910 745 1044 835 suis
1067 747 1253 841 ipsum
1274 743 1563 837 diligant.
1620 817 1637 840 s
1657 743 1890 839 Ecqui
1923 799 1946 834 ‚
1981 738 2220 839 quaeso
2245 797 2267 832 ,
2319 739 2662 814 efficacius
2682 743 3115 839 exprimeret
3141 739 3374 814 defide-

928 839 1114 912 rium
1138 861 1281 934 quo
1308 837 1397 909 ab
1422 837 1707 910 homine
1733 839 1946 912 amari
1967 860 2162 934 optat
2186 894 2208 928 ‚
2260 838 2543 933 quando
2567 839 2868 914 eundem
2899 863 3030 936 per
3043 837 3371 912 vimetiam

602 953 635 986 ⁰
926 935 1015 1006 ad
1035 939 1371 1006 Amorem
1396 933 1597 1007 suum
1631 935 1994 1036 adstringit
2025 938 2041 1007 1
2397 935 2401 940 ’

456 1100 463 1110 .
582 1073 637 1128 9·
677 1052 705 1106 a
738 1069 848 1106 mu·
964 1027 973 1036 ’
1024 1059 1099 1128 9.
1134 1031 1242 1106 Ut
1260 1051 1492 1104 autem
1526 1034 1668 1104 vim
1700 1032 1886 1106 illam
1908 1031 2082 1106 nihil
2101 1027 2282 1103 aliud
2301 1027 2510 1127 quem
2535 1031 2821 1104 Amoris
2845 1031 2994 1106 vim
3017 1031 3154 1104 ess‘e
3171 1029 3372 1105 osten.-

548 1149 664 1214 nerq
694 1122 863 1194 stoet·
916 1128 1051 1202 dat
1070 1182 1090 1214 ,
1112 1143 1557 1223 peccatorum
1587 1127 1887 1201 hominis
1915 1152 2098 1201 onus
2118 1129 2189 1197 in
2204 1125 2424 1222 seipse
2441 1127 2744 1224 suscipit,
2757 1141 3053 1225 propter
3068 1133 3368 1202 Amorem
3399 1129 3406 1138 '

550 1205 714 1262 ἀπ’·
924 1250 1070 1323 quo
1097 1249 1254 1297 eum
1278 1224 1779 1322 complectitur
1799 1281 1821 1315 ‚
1851 1249 2092 1322 poenas
2121 1246 2251 1319 pro
2282 1223 2363 1296 iis
2395 1225 2658 1298 debitas
2684 1227 2758 1298 in
2867 1225 3074 1321 optio
3106 1247 3370 1320 corpore

925 1322 1384 1420 perpessiirus.
1440 1323 1727 1395 Famem
1750 1344 1920 1418 ergo
1937 1321 2202 1423 patitur
2220 1376 2242 1409 ‚
2267 1319 2590 1417 fitimque
2609 1321 2760 1395 &la
2839 1323 3142 1412 tudines,
3159 1344 3274 1420 per
3284 1339 3375 1393 tot

922 1418 1369 1493 obambulans
1396 1419 1563 1491 -loca
1596 1439 1678 1490 ut
1700 1417 2060 1490 hominem
2084 1437 2348 1514 quaerat
2375 1419 3002 1515 poenitentiamque
3023 1421 3166 1514 ejus
3183 1417 3378 1490 suble·

925 1536 1053 1590 vet
1072 1568 1093 1601 ‚
1118 1517 1267 1613 quo
1278 1516 1397 1588 'rlle
1418 1539 1613 1588 curas
1628 1539 1873 1588 omnes
1893 1513 2042 1591 suas
2070 1512 2196 1585 soli
2213 1515 2432 1585 amori
2457 1517 2576 1586 suo
2599 1515 2998 1626 impendere
3011 1512 3232 1614 pofflt.
3249 1515 3376 1586 fie-

828 1667 843 1680 .
930 1614 1083 1685 rine
1120 1609 1324 1708 poffit
1360 1623 1465 1684 ut'
1486 1613 1703 1686 homo
1734 1615 1926 1708 hunc
1955 1629 2225 1708 tantum
2261 1633 2564 1683 amorem
2601 1613 2675 1685 δε
2693 1633 2832 1709 jam
2859 1635 3002 1686 non
3029 1609 3373 1710 agnoscat?

928 1711 1127 1782 Itane
1148 1730 1459 1782 naturam
1484 1707 1794 1804 eousque
1815 1729 2026 1782 exuet
2054 1730 2132 1780 ut
2155 1727 2424 1780 tantum
2463 1733 2610 1780 non
2635 1730 2818 1782 amet
2845 1707 3378 1806 Euergeten,qni

929 1827 1047 1882 tot
1064 1806 1501 1902 documentis
1530 1808 1780 1878 amoris
1803 1803 1906 1876 sui
1929 1857 1952 1890 ‚
2004 1803 2221 1900 iisque
2263 1823 2402 1876 tam
2430 1803 2824 1895 laboriofis,
2877 1827 3044 1878 eum
3075 1802 3197 1877 fibi
3227 1803 3375 1876 obli·

932 1924 1055 2002 gat
1081 1960 1104 1995 ‚
1154 1923 1236 1975 ut
1256 1903 1509 1976 limites
1526 1969 1529 1974 .
1546 1927 1788 1976 omnes
1816 1902 2092 1974 rationis
2108 1899 2440 1973 excedere
2484 1900 2801 1975 videatur
2829 1901 2858 1973 ?

594 2033 687 2071 10.
720 2007 855 2088 qnod
1036 2018 1123 2072 10
1136 2054 1152 2071 .
1206 1999 1392 2093 Quis
1414 2023 1721 2096 unquam
1738 1997 1912 2070 vidit
1929 2001 2269 2070 Amorem
2291 1998 2376 2068 ad
2393 2017 2650 2070 tantam
2672 1996 3112 2097 progressum
3127 1993 3381 2092 exsupe-

554 2109 659 2224 ξω
691 2086 819 2175 ipfis
938 2101 1226 2171 rantiam
1266 2097 1778 2170 benevolentiae
1803 2118 1884 2166 er
1997 2115 2302 2166 amatum
2324 2092 2542 2166 suum.
2565 2097 2804 2168 Deum
2823 2121 2950 2192 pro
2967 2116 3264 2182 creatura
3281 2091 3376 2165 sua

555 2162 888 2316 zi‘iffssquusaem
932 2192 1073 2267 sese
1092 2192 1607 2266 exinanientem
1636 2245 1659 2276 ‚
1705 2192 1771 2265 se
1802 2191 1882 2264 su
1935 2192 2370 2278 mittentem,
2411 2213 2476 2261 at
2533 2215 2624 2263 ue
2657 2192 3030 2287 patientem
3057 2194 3076 2266 ἔ
3127 2191 3196 2262 id
3211 2187 3372 2285 quod

554 2317 764 2376 dederit.
930 2316 1145 2365 nemo
1172 2313 1306 2389 pro
1334 2291 1590 2388 aequali
1624 2287 1747 2362 suo
1776 2285 2037 2363 faceret
2063 2312 2388 2386 unquam.
2543 2285 2642 2361 uis
2675 2312 2842 2363 vero
2865 2314 3016 2363 non
3045 2289 3370 2387 ingentem

488 2390 497 2403 '
935 2388 1063 2462 effe
1084 2390 1423 2463 Amorem
1444 2388 1709 2460 diceret
1725 2434 1752 2474 ‚
1772 2383 1825 2457 fi
1849 2386 2096 2481 aliquis
2122 2386 2334 2459 vitam
2360 2384 2550 2457 daret
2569 2410 2704 2481 pro
2724 2386 2997 2459 amico?
3039 2385 3228 2483 atqui
3243 2404 3366 2457 eam

927 2486 971 2581 J
994 2510 1039 2557 E
1059 2512 1089 2558 s
1107 2510 1156 2558 u
1172 2510 1205 2557 s
1237 2486 1303 2556 C
1320 2510 1376 2559 H
1394 2509 1447 2556 R
1468 2510 1493 2556 1
1510 2510 1544 2557 s
1561 2510 1611 2556 τ
1624 2509 1674 2557 u
1692 2508 1723 2555 s
1740 2480 1932 2556 dedit
1945 2508 2076 2579 pto
2097 2482 2378 2564 inimico
2396 2480 2520 2557 suo
2533 2482 2848 2571 homine,
2865 2483 3065 2577 cujus
3081 2480 3367 2555 malitiam

930 2582 1411 2678 exsuperantia
1428 2582 1679 2654 amoris
1702 2578 1747 2651 s
1734 2581 1804 2653 ui
1826 2577 2175 2676 superavit
2197 2606 2214 2651 ε
2241 2600 2647 2675 quantoque
2665 2578 3056 2677 proclivior
3073 2580 3268 2651 homo
3283 2573 3370 2647 est

927 2679 1017 2751 ad
1036 2679 1323 2777 injurias
1335 2679 1397 2751 ei
1420 2676 1753 2751 faciendas
1769 2726 1797 2766 ‚
1819 2697 2012 2750 tanto
2035 2676 2154 2747 ille
2183 2674 2279 2748 est
2295 2679 2640 2774 promtior
2653 2675 2734 2746 ad
2750 2672 2979 2773 ipsum
3001 2672 3367 2761 amandum,

812 2774 821 2785 ’
935 2776 1050 2849 vel
1094 2776 1262 2849 vitae
1304 2774 1444 2850 suae
1486 2773 1876 2848 voluntaria
1910 2770 2314 2870 profufionc
2341 2820 2366 2860 ‚
2408 2794 2492 2855 ut
2525 2770 2646 2843 fibi
2673 2796 2836 2845 eum
2877 2774 3098 2871 magis
3133 2770 3370 2867 obliget

928 2871 1476 2947 consideratione
1524 2870 1699 2963 tanti
1750 2870 1894 2942 AM
1917 2894 1964 2943 o
1983 2894 2036 2941 a
2058 2896 2083 2942 1
2109 2879 2144 2943 s'
2165 2926 2187 2959 ‚
2237 2878 2342 2969 qui
2377 2872 2736 2947 intellefbum
2775 2896 3006 2941 omnem
3045 2870 3369 2972 exsugsraee,

935 2970 1217 3067 quando
1239 2968 1503 3042 scilicet
1532 2970 1607 3041 D
1626 2993 1673 3039 E
1688 2992 1739 3039 u
1754 2992 1786 3039 s
1817 2990 2042 3039 amare
2063 2966 2224 3040 vult
2243 2970 2446 3039 terrae
2469 2967 2933 3049 vermiculum
2955 3025 2978 3057 ‚
3021 2965 3210 3061 cujus
3229 2958 3365 3032 nul·

880 3148 883 3151 ,
926 3067 1207 3151 -latenus
1235 3066 1548 3163 indiget,
1601 3061 1744 3137 imo
1765 3065 1889 3161 qui
1911 3082 2178 3137 tantum
2203 3061 2392 3136 abest
2413 3084 2498 3137 ut
2527 3064 2761 3136 Duum
2797 3060 3104 3137 redamet
3132 3118 3154 3154 ,
3197 3078 3270 3132 ut
3291 3058 3358 3129 Sc

934 3163 1262 3238 insultare
1290 3186 1451 3235 eum
1477 3183 1689 3260 atque
1721 3162 1930 3235 etiam
1957 3157 2311 3238 offendere
2327 3160 2613 3234 minime
2633 3156 2932 3232 dubitet.

590 3280 659 3347 ,ιι
674 3304 696 3349 .·
712 3260 779 3319 ab
798 3265 911 3323 uti·
1046 3286 1073 3333 1
1099 3286 1127 3333 1
1145 3318 1160 3333 .
1214 3258 1291 3334 Ο
1319 3261 1587 3358 ingrata
1609 3260 1951 3332 creatura!
1977 3280 2189 3356 quare
2213 3282 2376 3330 vero
2401 3255 2650 3330 Amori
2677 3255 2785 3328 isti
2809 3276 3008 3330 tanto
3024 3276 3092 3328 te
3107 3250 3230 3352 ipsa
3241 3270 3360 3323 nnn

557 3334 804 3477 &³¹¹³ss
924 3356 1195 3433 nadis?
1224 3358 1369 3431 Nae
1389 3408 1413 3442 ‚
1436 3380 1517 3431 ut
1540 3356 1816 3429 tibimet
1832 3352 1967 3450 :spfi
1996 3356 2171 3428 adeo
2199 3354 2498 3429 crudelis
2517 3378 2588 3427 es
2609 3406 2628 3439 ,
2666 3350 2837 3427 adeo
2862 3352 3162 3450 propria
3177 3344 3358 3420 felici·

501 3492 518 3499 -
555 3434 793 3550 »εἵσω
938 3456 1067 3529 tati
1095 3454 1417 3528 inimica!
1454 3452 1702 3550 quidni
1726 3450 1900 3525 huic
1921 3448 2073 3527 tam?
2093 3450 2302 3525 suavi·
2307 3454 2526 3549 jugo,
2575 3470 2860 3549 tamque
2872 3448 3144 3521 amabili
3169 3436 3358 3536 teipsa

558 3582 575 3599 ·
933 3551 1328 3629 submittis?
1380 3550 1553 3646 Ejus
1578 3573 1876 3645 namque
1891 3550 2244 3646 captivitas
2258 3547 2418 3622 vere
2441 3546 2535 3621 est
2555 3544 2836 3620 libertas
2864 3574 2881 3619 ε
2921 3548 3064 3637 eius
3087 3538 3354 3647 servitus,

934 3676 1011 3723 re
1068 3673 1271 3722 num:
1308 3646 1453 3742 ejus
1476 3646 1813 3720 molestiae
1841 3645 2002 3720 sunt
2022 3644 2330 3720 deliciae:
2357 3646 2506 3741 ejus
2527 3644 2797 3717 labores
2826 3640 3349 3745 suntquieszfjus

926 3674 1207 3820 defferet·
1232 3744 1388 3818 sunt
1400 3743 1679 3840 gaudia.
1731 3744 1875 3817 Hic
1899 3743 1967 3816 A
1983 3768 2102 3815 uo
2124 3766 2176 3814 R
2211 3744 2519 3817 animam
2537 3739 2850 3831 exsatiat,
2871 3738 3058 3812 omni
3075 3734 3346 3809 felicimte

930 3844 1177 3948 replet,
1198 3840 1462 3929 solatur
1482 3842 1565 3917 δι
1578 3836 2106 3939 ormefacitquq
2121 3858 2206 3915 ut
2225 3863 2387 3915 oum
2399 3837 2691 3928 ninere
2715 3836 2842 3915 suo
2863 3838 2948 3911 in
2961 3830 3204 3936 gaudiis
3213 3840 3350 3997 ἓξὲξ

3477 7 3511 34 ,1
