3552 4592
551 86 2027 205 BrntroTxiEcAE-UNIVERS.
2088 126 2143 202 (5.
2182 108 2425 197 VIII.
2554 114 2711 223 655

221 282 366 333 non
403 256 595 333 fuifl'e
624 257 896 332 dolum.
991 260 1115 331 Tu
1148 279 1378 331 tamen
1406 257 1490 331 ad
1529 258 1680 331 haec
1712 260 1787 333 δε
1822 255 2062 331 fimilia
2088 250 2322 333 nullus
2364 261 2662 333 attendis
2689 319 2713 354 ‚

219 354 568 454 nequead
599 355 902 429 infinitas
925 357 998 429 δε
1024 354 1342 429 salutares
1373 356 1694 428 veritates
1729 380 1768 427 a
1794 355 2029 428 sancto
2068 356 2387 429 Dostore
2427 356 2510 429 ad
2544 382 2711 453 pro-

219 454 612 527 motionem
639 455 924 525 Amoris
950 452 1086 525 Dei
1123 453 1201 526 &
1224 453 1570 525 virtutum
1606 452 1869 526 Christi
1906 449 2320 525 vividiffime
2354 453 2701 549 prolatas:

213 550 332 621 sed
363 572 754 622 aranearum
797 573 953 622 mos
989 547 1270 621 videtur
1308 548 1438 621 tibi
1482 550 1702 645 magis
1729 547 2018 621 arrififfe
2053 605 2076 646 ‚
2127 549 2243 621 vel
2284 573 2371 621 ex
2411 549 2707 626 floribus

213 647 500 739 optimis
533 666 798 717 venena
830 646 1246 743 legentium.
1343 640 1582 719 Locos
1609 646 1883 743 aliquot
1922 644 2207 719 fabricas
2234 668 2647 720 communes
2675 706 2698 739 ,

213 760 295 813 ut
325 744 656 839 pietatem
694 742 1036 815 Veterum
1068 744 1141 815 in
1175 740 1628 837 suspicionem
1653 743 1953 815 adducas
1980 740 2167 837 quafi
2189 740 2391 815 aliter
2420 741 2701 838 scripse-
2822 772 2833 791 ·

213 836 360 913 rint
391 896 414 929 ,
463 840 666 911 aliter
706 839 1052 912 vixerint:
1123 838 1234 911 sed
1283 862 1446 935 quae
1487 838 1562 909 in
1599 838 1680 911 S.'
1718 838 2197 937 Augustinum
2223 888 2247 923 ‚
2300 838 2497 936 cujus
2528 839 2699 913 vitae

211 932 402 1009 bona
450 936 526 1009 &
574 934 749 1007 mala
797 938 1033 1008 omnia
1080 934 1172 1008 ab
1220 937 1457 1008 amicis
1494 936 1570 1008 &
1608 934 1901 1007 inimicis
1929 983 1955 1023 ,
2022 934 2168 1007 imo
2220 936 2295 1007 &
2338 960 2376 1006 a
2428 934 2494 1007 se
2544 934 2693 1032 ipso

213 1031 569 1122 (omnium
605 1029 732 1103 fibi
761 1036 1057 1105 maxime
1091 1030 1412 1116 inimico)
1459 1029 1751 1131 discutiit
1780 1030 2233 1127 &publicata
2259 1029 2421 1103 sunt
2439 1087 2462 1122 ,
2490 1032 2692 1105 nullo

211 1129 434 1200 modo
469 1128 809 1225 quadrant
852 1154 869 1200 ε
923 1127 1175 1201 deinde
1217 1126 1337 1201 ubi
1377 1128 1661 1224 almund
1701 1126 2011 1225 sphalma
2047 1126 2174 1201 tibi
2218 1128 2289 1199 in
2319 1152 2407 1198 eo
2442 1128 2691 1222 depre-

207 1224 526 1297 hendisse
557 1224 804 1297 videris
835 1282 859 1315 ‚
912 1226 1170 1298 nedum
1205 1248 1283 1296 ea
1303 1225 1776 1297 moderatione
1800 1247 1960 1322 agas
1980 1248 2123 1320 quo
2164 1222 2235 1294 in
2270 1222 2531 1295 Grotio
2561 1245 2691 1299 tuo

209 1338 336 1393 aut
371 1319 834 1397 Hammondo
865 1319 1108 1393 fimilia
1143 1320 1492 1393 interdum
1528 1338 1815 1394 annotas
1839 1377 1861 1410 ‚
1914 1342 1993 1393 ut
2016 1343 2101 1392 ne
2128 1317 2449 1417 quidem,
2486 1321 2689 1394 velut

203 1418 508 1514 propriae
545 1416 666 1491 infi
677 1416 964 1489 rmitatis
984 1414 1298 1491 conscius
1324 1474 1345 1507 ,
1398 1417 1689 1491 modum
1720 1417 1907 1490 illius
1934 1415 2323 1513 hypocritae
2346 1415 2415 1487 in
2446 1417 2684 1507 Euan-

201 1514 394 1609 geIio
421 1571 446 1605 ‚
495 1513 776 1587 fratrem
806 1566 826 1599 ‚
875 1534 946 1585 at
989 1512 1296 1587 modeste
1331 1518 1563 1587 tamen
1604 1572 1626 1605 ‚
1687 1511 1778 1585 de
1810 1513 2077 1587 festuca
2113 1511 2462 1585 monentis
2514 1538 2679 1586 cum

201 1609 394 1682 trabs
425 1610 487 1682 ei
515 1609 800 1684 oculum
831 1629 1176 1705 premeret
1206 1668 1230 1701 ‚
1283 1610 1356 1683 in
1387 1611 1520 1683 tuis
1555 1609 2121 1709 castigationibus
2142 1608 2461 1682 observes
2490 1634 2507 1681 τ
2564 1608 2681 1683 sed

199 1706 425 1779 veluti
458 1706 719 1780 oblitus
747 1704 1048 1779 mandati
1082 1708 1218 1779 Dei
1248 1762 1270 1797 ,
1323 1730 1470 1801 quo
1499 1726 1815 1802 parentes
1840 1762 1863 1797 ‚
1915 1707 2050 1779 hoc
2078 1702 2179 1777 est
2206 1754 2229 1792 ‚
2280 1705 2352 1778 ὅτ,
2380 1705 2675 1779 seniores
2767 1733 2773 1739 ·

199 1801 414 1877 etiam
444 1859 468 1894 ,
527 1804 602 1877 &
639 1826 845 1875 canos
883 1803 1168 1899 capillos
1193 1858 1216 1893 ‚
1268 1803 1344 1875 &
1374 1826 1490 1875 eos
1521 1803 1644 1899 qui
1681 1803 1756 1875 in
1786 1800 2089 1875 Ecclefia
2132 1800 2271 1874 Dei
2314 1802 2554 1874 ceteris
2604 1803 2679 1875 in
2717 1825 2725 1831 ·

199 1897 498 1972 Christo
529 1898 972 1973 instituendis
1006 1896 1438 1997 praefuerunt
1476 1951 1497 1986 ‚
1540 1919 1748 1995 atque
1791 1900 1933 1993 jam
1976 1897 2053 1970 in
2088 1921 2255 1993 pace
2296 1920 2456 1969 cum
2511 1897 2676 1971 Deo

197 1990 714 2093 requiescunt,⁴
745 1996 1089 2069 honorare
1126 2016 1498 2083 tenemur3
1547 1993 1981 2091 aemulusque
2022 1993 2345 2067 facinoris
2386 1993 2679 2087 Chami,

191 2094 320 2189 qui
348 2092 718 2166 venerandi
767 2092 976 2187 patris
1009 2092 1398 2166 nuditatem
1437 2090 1718 2189 reliquis
1755 2090 2171 2163 irridendam
2208 2088 2625 2163 enunciabat
2646 2146 2673 2182 ,

104 2212 120 2225 ·
193 2186 422 2277 (unde
453 2186 595 2285 ipse
628 2211 792 2260 cum
826 2187 1111 2285 posteris
1140 2184 1397 2261 merito
1427 2186 1833 2263 maledictus
1851 2187 1945 2260 est
1967 2235 1993 2277 ‚
2019 2196 2045 2274 )
2102 2185 2271 2259 soles
2292 2207 2435 2259 non
2456 2186 2674 2261 modo

185 2281 582 2358 sanaomm
611 2286 892 2372 Patrum
926 2284 1304 2365 nuditatem
1357 2284 1446 2374 (fi
1495 2309 1632 2384 qua
1653 2283 1836 2359 forte
1863 2282 2001 2370 est)
2053 2282 2189 2358 toti
2212 2282 2497 2358 Mundo
2514 2303 2681 2358 cum

183 2379 540 2456 sarcasmis
563 2385 984 2456 annunciare
1008 2439 1030 2472 ‚
1081 2384 1158 2458 δε
1179 2381 1294 2456 vel
1314 2381 1692 2457 sexcenties
1722 2380 2211 2480 repraesentare
2236 2405 2259 2468 3
2286 2377 2401 2452 sed
2424 2380 2668 2453 &eam

181 2475 370 2574 saepe
389 2501 550 2578 quae
577 2501 724 2552 non
757 2478 858 2551 est
878 2533 898 2564 ,
946 2476 1286 2577 effingere
1318 2535 1343 2570 ,
1393 2480 1468 2553 δε
1495 2477 1772 2577 quosvis
1800 2479 1886 2550 ad
1913 2501 2065 2550 eam
2096 2473 2467 2550 videndam
2498 2501 2673 2573 pro-2

185 2597 448 2650 vocare
471 2623 496 2663 ‚
543 2575 630 2652 ad
661 2599 870 2671 quam
891 2593 1377 2664 cumventum
1407 2575 1508 2647 est
1533 2631 1556 2666 ‚
1606 2597 1758 2647 eam
1794 2582 1823 2664 (
1841 2571 1889 2645 fi
1914 2570 2063 2647 fieri
2095 2567 2340 2668 poffit)
2383 2570 2665 2669 tegendi

181 2671 449 2768 gratia,
473 2695 618 2742 non
647 2672 864 2746 modo
891 2672 1083 2745 nulla
1115 2691 1398 2769 apparet
1422 2730 1444 2763 ‚
1463 2669 1572 2744 sed
1603 2670 1837 2767 potius
1872 2669 2329 2744 contrarium.

279 2767 606 2876 Exempli
633 2770 892 2866 gratia,
945 2791 1154 2841 nemo
1175 2768 1276 2840 est
1305 2791 1546 2843 eorum
1583 2767 1705 2864 qui
1743 2767 1934 2865 leget
1970 2763 2658 2864 quaedeAugustino

175 2860 498 2959 scripsisti
516 2889 590 2936 in
613 2863 796 2939 libro
817 2864 899 2936 ad
923 2866 1300 2966 marginem
1323 2868 1417 2952 (a)
1436 2863 1821 2962 designato,
1836 2889 1876 2936 a
1895 2887 1981 2958 pa
2042 2863 2220 2970 ,366
2238 2861 2325 2934 ad
2348 2879 2441 2959 37
2457 2887 2485 2934 1
2501 2863 2656 2960 ,qui
2722 2866 2799 2938 (⁴)
2830 2865 3042 2926 Defen-

179 2983 336 3032 non
371 2979 574 3053 putet
614 2961 1182 3060 S.Augustinum
1203 2985 1284 3032 ea
1309 2959 1512 3033 fuisse
1541 2961 1793 3033 mentis
1832 2983 1955 3032 cru
2008 2960 2237 3032 elitate
2274 2959 2347 3032 &
2376 2960 2657 3030 inhuma-
2688 2938 2743 3031 s?
2762 2943 2857 3002 ³⁶⁵
2880 2942 3000 3000 sen.

173 3063 379 3127 nitate
402 3112 427 3146 ,
477 3075 562 3130 ut
595 3058 966 3130 crediderit
987 3059 1062 3131 &
1083 3060 1349 3128 docuerit
1385 3057 1664 3148 licitum
1687 3055 1819 3130 effe
1840 3055 2253 3128 orthodoxis
2290 3054 2657 3129 haereticos
2686 3035 2892 3153 ῗ-’ζξέῗ
2914 3018 3013 3153 ἓῗ

171 3171 306 3224 aut
332 3171 630 3226 errantes
658 3177 907 3252 cogere
939 3154 1026 3226 ad
1059 3175 1138 3226 ea
1169 3176 1330 3250 quae
1356 3150 1508 3225 sunt
1537 3177 1750 3224 contra
1782 3153 1983 3222 lumen
2008 3155 2374 3242 conscientia
2389 3154 2505 3244 fiae
2527 3151 2655 3223 cir·
2684 3171 2843 3230 Heu.

173 3271 260 3321 m
315 3271 426 3320 οι»
452 3271 548 3322 m
573 3273 798 3324 xor-uz
823 3277 854 3323 s
902 3275 1070 3348 quas
1101 3247 1356 3323 fovent
1381 3279 1408 3335 3
1460 3250 1670 3347 idque
1695 3271 1821 3344 per
1854 3248 2003 3320 vim
2033 3296 2059 3336 ,
2111 3249 2187 3322 &t
2222 3244 2505 3341 quidem
2533 3270 2693 3322 eos--

173 3345 300 3419 vel
361 3371 424 3418 u
441 3371 490 3417 o
517 3369 569 3419 R
587 3373 638 3419 ‘r-
651 3373 700 3420 Ε
747 3349 1087 3441 afficiendos
1110 3348 1254 3418 dum
1287 3348 1614 3418 creduntur
1644 3347 1744 3436 ff
1771 3351 1837 3414 in
1860 3346 2028 3438 statu
2058 3344 2472 3416 damnationis
2497 3395 2522 3434 ‚
2555 3367 2649 3438 κε,-

169 3445 678 3540 quemadmodum
705 3445 956 3516 videtur
978 3501 1000 3534 ,
1049 3442 1356 3514 horribilis
1393 3445 1661 3540 quadam
1699 3443 1985 3540 voluptas
2024 3467 2105 3509 ex
2142 3441 2537 3510 damnatione
2574 3448 2653 3512 iis
2684 3455 2816 3520 pag·
2844 3452 2977 3518 3692

153 3562 512 3635 procurata
534 3595 558 3630 ,
587 3564 884 3639 captetur.
937 3537 1100 3612 Nifi
1137 3539 1314 3612 banc
1342 3537 1721 3636 Augustini
1751 3536 1971 3610 ideam
2002 3559 2089 3610 ex
2126 3555 2467 3609 contextu
2494 3555 2655 3628 tuo,
2690 3534 2817 3593 ³7⁰·

171 3633 304 3730 qui
331 3633 613 3734 longior
641 3635 744 3709 est
779 3636 855 3708 &
893 3633 1330 3734 artificiofior
1359 3691 1382 3722 ‚
1428 3634 1721 3708 leaores
1764 3635 2170 3732 quicunque
2207 3631 2663 3721 formabunt,

169 3753 430 3804 eorum
474 3732 696 3806 cuivis
743 3734 818 3804 in
859 3755 975 3806 me
1013 3729 1289 3828 judicio,
1314 3727 1779 3807 lubentiffime
1817 3729 2257 3805 subscribam.
2351 3725 2661 3822 Ipsemet

165 3829 544 3925 conceptis
569 3827 802 3906 verbis
825 3831 918 3905 ais
955 3886 978 3922 ,
1027 3853 1118 3902 ex
1151 3830 1297 3928 ejus
1323 3828 1644 3903 (bebrina
1661 3826 1857 3927 sequi
1889 3885 1912 3921 ‚
1954 3834 2347 3928 potentiorem
2370 3850 2665 3940 quemque

2551 3947 2661 4014 jus
