3552 4592
935 179 1105 286 614
1439 172 2042 261 pr-sToLA
2126 196 2265 254 At>
2341 172 3025 255 AucToxssu

949 344 1107 395 non
1128 341 1528 397 contemtus
1547 382 1570 415 ,
1589 323 1662 397 δε
1690 320 1873 395 forte
1900 318 2233 395 irrifionis
2261 320 2472 395 etiam
2494 322 2833 419 principia
2852 320 2928 394 δε
2950 338 3219 395 motus.
3252 321 3441 396 Tum

968 419 1140 493 vero
1162 420 1497 519 obstupui
1527 424 1608 497 δί
1637 418 1933 495 horrui:
1988 442 2241 516 meque
2280 418 2427 520 ipso
2484 418 2643 517 (qui
2680 421 2916 493 talium
2962 415 3337 493 affeetuum
3364 444 3443 493 ac
3549 456 3552 479 ÷

965 538 1298 590 motuum
1325 518 1646 591 adversus
1673 518 1746 590 id
1775 516 1967 613 quod
1991 520 2362 591 veritatem
2389 514 2698 589 divinam
2724 514 3023 589 sciebam
3046 516 3227 606 effe,
3266 519 3445 614 prius
3549 590 3552 617 ἐ

957 616 1362 712 incapacem
1397 615 1981 703 existimaveram)
2034 614 2473 712 aliquantum
2509 612 2869 687 sollicitius
2907 612 3225 711 inspe&o
3254 672 3277 707 ,
3320 636 3443 689 ex·
3549 630 3552 645 '

961 714 1182 812 pandi
1215 712 1291 789 in
1333 738 1442 787 ma
1499 738 1592 786 no
1619 736 1879 823 angore
1914 712 2215 785 animam
2266 736 2490 785 meam
2530 734 2765 784 coram
2800 712 3128 785 Domino
3158 769 3185 804 ‚
3236 736 3443 809 expo-
3549 738 3552 791 ε

969 832 1142 882 nens
1172 811 1247 885 &
1275 824 1414 883 con
1473 831 1622 882 tens
1649 834 1712 883 ei
1751 808 2045 882 miserias
2073 832 2256 883 meas
2282 867 2305 902 ,
2359 830 2573 907 atque
2614 808 2987 900 diabolicas
3022 805 3233 881 fundi
3270 811 3391 881 mei
3412 865 3441 901 ,

969 904 1197 1003 usque
1230 906 1460 981 adhuc
1502 907 1676 979 mihi
1713 928 1795 977 ea
1836 907 1911 979 in
1944 930 2019 979 re
2056 905 2443 1017 incogniti,
2493 904 2977 1015 dispositioncs
3004 906 3080 977 δί
3118 906 3443 999 malitia,
3549 914 3552 967 Ξ

891 1068 900 1075 ,
962 1024 1275 1101 eumque
1309 1002 1684 1102 deprecans
1708 1061 1731 1096 ,
1786 1023 1869 1077 ut
1891 1004 2002 1076 vel
2034 1027 2142 1076 eas
2165 1028 2235 1075 in
2266 1026 2379 1073 me
2409 1021 2904 1077 exterminaret
2936 1030 2961 1091 3
3016 1002 3165 1087 vel,
3202 1001 3255 1075 fi
3280 1002 3441 1077 mala
3549 1030 3552 1099 j

971 1120 1130 1174 mea
1163 1101 1380 1174 essent
1416 1100 1810 1175 insanabilia
1840 1153 1862 1188 ‚
1910 1098 2050 1197 ipse
2079 1123 2191 1173 me
2222 1100 2457 1196 potius
2483 1100 2937 1197 extingueret
2970 1122 3187 1195 quam
3234 1120 3307 1173 ut
3328 1124 3439 1209 pa-

966 1215 1238 1271 teretur
1271 1218 1591 1273 tartareas
1619 1195 2013 1272 istiusmodi
2052 1196 2309 1269 radices
2332 1195 2597 1269 fruetus
2640 1196 2799 1270 suos
2836 1195 3169 1269 adversus
3204 1218 3441 1271 vema-
3549 1234 3552 1271 i

967 1312 1113 1367 tem
1151 1296 1222 1366 in
1261 1297 1552 1395 gratiam
1581 1318 1752 1368 meae
1789 1292 2127 1392 superbiae
2162 1294 2517 1377 &amoris
2550 1294 2820 1390 proprii
2844 1292 3201 1389 proferre:
3254 1292 3439 1368 satius
3549 1308 3552 1393 g

968 1394 1156 1463 enim
1193 1394 1332 1465 efl'e
1367 1418 1480 1464 me
1520 1412 1691 1465 tunc
1725 1415 1944 1465 unum
1985 1392 2259 1488 perire,
2310 1392 2385 1466 δε
2422 1389 2645 1464 solum
2674 1390 2985 1463 damnari
3026 1416 3049 1477 3
3100 1414 3311 1489 quam
3340 1390 3441 1464 su·
3549 1400 3552 1485 j

965 1488 1226 1586 pereffe
1251 1538 1274 1578 ‚
1323 1488 1396 1565 &
1433 1488 1977 1565 instrumentum
2005 1486 2162 1562 fieri
2189 1488 2439 1562 hostile
2464 1487 2950 1561 diminutionis
2970 1488 3441 1587 gloriosaeejus
3550 1548 3552 1579 ἕ

968 1585 1330 1681 veritatis,
1384 1611 1512 1671 nec
1540 1608 1694 1659 non.
1709 1583 1899 1661 forte
1938 1585 2399 1661 damnationis
2429 1584 2731 1682 plurium
2781 1585 3115 1657 aliorum.
3214 1586 3442 1684 Atque

962 1680 1057 1753 ab
1094 1706 1180 1754 eo
1209 1702 1527 1779 tempore
1559 1680 1817 1757 affulsit
1845 1680 2043 1779 spes,
2094 1684 2483 1755 Dominum
2522 1682 2595 1754 in
2628 1680 2886 1754 bonam
2932 1703 3205 1779 partem
3242 1706 3443 1756 exau-
3548 1682 3552 1713 ¹

963 1778 1206 1852 diviss‘e
1236 1803 1488 1854 vocem
1520 1778 2091 1878 depredationum
2126 1804 2441 1855 mearum
2478 1806 2496 1851 ε
2552 1802 2850 1875 namque
2867 1778 3036 1852 inde
3058 1780 3442 1854 Veritatem

963 1874 1304 1975 superbiae
1327 1900 1500 1950 meae
1519 1878 1888 1974 amorique
1914 1878 2201 1975 proprio
2232 1936 2255 1972 ,
2307 1900 2439 1950 nec
2468 1900 2616 1949 non
2644 1878 3077 1949 ornamentis
3110 1878 3191 1951 ὅτ
3218 1876 3441 1951 fulcris

965 1972 1385 2073 imaginariae
1408 1998 1739 2071 vanoeque
1756 1972 2167 2047 eruditionis
2190 2024 2217 2064 ‚
2268 1998 2349 2047 ac
2374 1970 2939 2071 dispositionibus
2968 1972 3440 2071 propensioni-

957 2068 1232 2167 husque
1257 2070 1404 2145 aliis
1437 2070 1913 2145 adversantem
1945 2124 1965 2158 ,
2014 2073 2202 2167 coepi
2231 2072 2474 2169 purius
2507 2068 2792 2145 noscere
2820 2070 2895 2144 δε
2920 2068 3263 2171 diligere3
3300 2092 3435 2147 tum

951 2186 1203 2263 optare
1226 2168 1307 2245 δε
1341 2168 1709 2265 precariut
1751 2165 2005 2242 iffibus
2027 2170 2161 2243 suis
2186 2169 2545 2267 potentius
2580 2168 2911 2241 interiora
2940 2192 3099 2242 mea
3130 2190 3439 2268 percute-

957 2285 1070 2338 ret
1107 2317 1130 2354 ‚
1177 2262 1409 2339 donec
1435 2265 1590 2340 inde
1619 2265 1849 2341 onmis
1867 2264 2103 2364 planta
2130 2274 2341 2366 'quam
2371 2288 2520 2340 non
2542 2264 2884 2364 plantavit
2912 2266 3128 2341 Pater
3152 2266 3439 2342 coelestit

957 2361 1242 2436 tandem
1269 2364 1708 2454 eradicetur-3
1775 2383 1931 2437 tum
1985 2361 2192 2438 simul
2220 2364 2508 2438 decrevi
2552 2363 2915 2438 veritatem
2956 2365 3257 2440 eandem
3296 2365 3435 2439 aliis

943 2481 1246 2558 quoque
1278 2487 1404 2558 pro
1439 2461 1632 2535 virili
1653 2461 2147 2536 commendare
2180 2485 2602 2561 quocunque
2642 2461 2849 2534 etiam
2886 2457 3386 2536 calumniarum
3409 2518 3434 2555 ,

901 2555 1484 2667 ..oppositionum
1511 2607 1534 2648 ,
1585 2583 1666 2632 ac
1701 2557 2095 2632 irrisionum
2132 2581 2393 2657 genere
2429 2557 2765 2656 superbus
2800 2581 2998 2632 meus
3032 2584 3239 2634 amor
3286 2582 3437 2658 pro·

958 2655 1150 2749 prius
1198 2654 1306 2742 (in
1341 2655 1528 2728 suam
1553 2656 1798 2754 utique
1820 2705 1844 2746 ‚
1876 2680 2015 2754 qua
2046 2681 2224 2754 opus
2258 2655 2463 2730 habet
2484 2712 2509 2748 ‚
2558 2654 3141 2746 diminutionem,
3172 2678 3437 2730 meum·

1015 2775 1102 2823 ue
1122 2751 1296 2825 adeo
1323 2752 1590 2826 bonum
1611 2753 1680 2842 ‚)
1733 2753 1817 2825 ab
1844 2753 2243 2827 hominibus
2272 2755 2362 2824 im
2462 2773 2651 2826 tatur
2676 2811 2700 2843 ‚
2750 2753 2969 2836 modo
2990 2773 3271 2828 tantum
3304 2777 3435 2828 nen

1011 2845 1134 2919 efit
1164 2847 1336 2934 mihi
1369 2848 1628 2946 sperata
1662 2850 1807 2923 Dei
1832 2850 2054 2948 gratia
2088 2881 2113 2936 3
2168 2849 2341 2947 fiqui
2396 2875 2508 2923 em
2530 2875 2619 2923 ex
2651 2867 2913 2923 eventu
2958 2851 3179 2924 modo
3210 2849 3433 2940 dieto,

955 2941 1176 3016 ‚didici
1212 2945 1299 3016 de
1347 2969 1460 3017 me
1499 2943 1724 3042 deque
1767 2971 1923 3020 mea
1954 2969 2120 3044 erga
2162 2949 2525 3020 veritatem
2578 2946 2921 3022 fidelitate
2966 2973 3113 3020 non
3148 2947 3433 3047 amplius

953 3037 1294 3136 spondere
1320 3068 1338 3113 ‚:
1396 3041 1625 3116 favere
1652 3043 1899 3117 intime
1924 3046 2200 3118 veritati
2227 3101 2249 3134 ‚
2296 3043 2561 3118 donum
2587 3043 2721 3118 effe
2741 3045 2987 3143 gratiae
3010 3046 3201 3119 Dei:
3244 3048 3317 3120 in
3342 3045 3433 3116 in·

949 3137 1334 3214 =acrioribus
1370 3139 1616 3213 nostris
1647 3137 2177 3239 corruptiffimis
2204 3140 2415 3215 latere
2438 3142 2777 3240 principia
2800 3139 3191 3216 inimicitiae
3212 3141 3435 3218 adver-

951 3232 1066 3308 sus
1097 3236 1325 3310 Deum
1356 3293 1378 3327 ‚
1429 3238 1505 3311 &
1535 3235 1679 3311 odii
1704 3257 1949 3312 contra
1972 3239 2330 3312 veritatem
2362 3270 2385 3324 ς
2442 3241 2517 3314 ὃς
2594 3259 2875 3312 raeterea
2898 3261 3029 3312 eos
3048 3242 3174 3338 qui
3208 3263 3433 3313 contra

953 3332 1318 3406 veritatem
1349 3331 1514 3406 odio
1546 3334 1903 3426 feruntur,
1958 3359 2098 3408 non
2134 3359 2379 3408 omnes
2411 3336 2482 3409 id
2552 3359 2747 3408 ‘cere
2792 3333 3085 3410 scientes
3110 3357 3319 3436 atque
3350 3357 3431 3410 ex

955 3429 1219 3503 malitia
1252 3429 1462 3503 animi
1491 3451 2024 3530 praeconcepta3
2058 3429 2192 3507 ‘sed
2234 3431 2591 3528 interdum
2629 3457 2717 3506 ex
2761 3430 2991 3506 fundo
3032 3433 3163 3506 illo
3205 3434 3425 3508 nativo

956 3523 1300 3625 superbiae
1337 3529 1412 3603 ὅτ
1441 3531 1696 3604 amoris
1729 3530 2041 3628 proprii,
2094 3529 2399 3604 coecitati
2430 3529 2681 3603 nostrae
2713 3529 2949 3603 adhuc
2978 3530 3271 3605 occulto
3304 3589 3326 3624 ,
3364 3531 3423 3602 in

1011 3647 1172 3698 uem
1209 3644 1437 3698 totum
1488 3650 1709 3724 genus
1751 3627 2132 3701 humanum
2188 3627 2291 3701 est
2342 3626 2583 3701 misere
2626 3625 3022 3723 collapsum
3061 3655 3081 3702 ε
3146 3627 3421 3728 proinde

949 3773 956 3778 ⁴
1025 3722 1339 3795 hristiana
1363 3723 1960 3798 commiseratione
1999 3724 2233 3821 potius
2270 3746 2481 3822 quam
2530 3724 2698 3798 odio
2731 3746 3033 3798 errantes
3084 3724 3419 3822 plerosque

945 3819 1086 3891 effe
1119 3816 1589 3917 excipiendos.
1684 3817 1877 3918 Quae
1914 3823 2149 3897 omnia
2178 3821 2620 3919 aliquantum
2659 3821 3011 3916 prolixius
3040 3823 3173 3898 tibi
3202 3873 3231 3915 ,
3282 3823 3419 3893 Do-

939 3912 1133 3996 mine
1149 3971 1174 4010 ,
1203 3918 1278 3995 in
1299 3917 1759 4008 lenimentum
1787 3917 1831 3994 f
1824 3939 2055 3997 uturae
2078 3917 2631 4019 reprehensionis
2652 3921 2727 3997 &
2744 3918 2817 3993 in
2836 3921 3177 3997 auxilium
3206 3939 3417 4090 {aneu-

1049 4069 1060 4076 -
1895 4064 1908 4074 ·
3294 4035 3417 4088 ¹:10⁴
