3552 4592
826 142 982 251 766
1577 142 1674 226 In
1715 144 2120 260 Censuram
2159 118 2553 263 Parrhafii

823 313 1119 386 ponere.
1172 290 1443 366 Rerum
1471 306 1686 386 atque
1715 287 2077 363 actionum
2106 290 2585 387 cognitionem
2610 286 3153 389 generaliorem,
3172 280 3351 387 pro-J

831 412 912 459 ut
945 388 1175 485 quivis
1211 388 1438 462 bonus
1472 412 1548 459 ac
1587 386 1881 483 fimplcx
1918 387 2186 461 animus
2237 412 2386 463 eam
2440 414 2479 461 c
2534 388 2673 462 sola
2712 390 3023 464 lectione
3053 378 3349 478 adipism

835 486 1106 580 potest,
1159 485 1468 559 sufficere
1495 508 1574 556 ut
1600 485 1760 556 inde
1790 485 1875 556 ad
1900 484 2221 581 spiritum
2244 544 2265 578 ‚
2319 485 2401 558 ad
2432 486 2725 583 scopum
2760 488 3119 584 finemque
3142 478 3339 555 Scri-

802 584 1063 675 ‘pturae
1094 632 1119 672 ‚
1171 605 1378 679 atque
1409 584 1501 676 ad,
1533 581 1823 655 salutem
1860 604 2191 655 aeternam
2230 580 2523 679 quisque
2576 585 2922 681 proficiat.
3018 587 3338 654 Accum-

835 677 1084 755 tiffimil
1119 701 1325 777 atque
1361 681 1661 753 maxime
1699 680 1943 768 critica
1976 682 2293 753 omnium
2334 706 2567 753 rerum
2590 718 2625 769 ·‚
2674 678 3033 754 actionum
3063 736 3085 770 ‚
3138 682 3343 747 loco-

789 798 990 874 ·rutn
1020 825 1042 863 ,
1093 797 1489 873 temporum
1520 834 1542 868 ‚
1593 778 2033 873 aliarumque
2085 777 2749 851 circumstantiarum
2802 774 3203 851 discuffione
3252 774 3339 846 δε

832 875 1246 971 cognitione
1272 932 1294 963 ,
1349 876 1693 947 neminem
1745 874 2308 971 appropinquare
2349 876 2511 947 Deo
2542 932 2562 966 ,
2614 878 2765 947 cive
2806 875 2965 949 fieri
3010 895 3330 971 gratum,

719 1006 726 1013 ·
835 988 1047 1064 atque
1083 968 1280 1044 saluti
1315 972 1689 1061 accedere,
1744 974 1851 1043 uti
1887 992 2076 1067 patet
2128 974 2205 1043 in
2258 972 2607 1047 Daemone
2640 973 2761 1069 qui
2795 970 3049 1044 ssmiles
3081 970 3329 1063 cogni-

838 1068 1064 1137 tiones
1089 1068 1203 1140 vel
1231 1066 1435 1140 habet
1457 1116 1488 1159 5
1532 1069 1646 1139 vel
1679 1066 1929 1139 habere
1970 1068 2197 1165 potest
2232 1092 2395 1141 cum
2432 1068 2853 1164 impiisnon
2890 1066 3131 1164 paucis.
3146 1068 3330 1138 inter

833 1162 1195 1236 eruditos:
1251 1165 1425 1263 quin
1460 1165 1696 1259 potius
1731 1186 2002 1237 mentes
2032 1188 2071 1235 a
2102 1166 2265 1237 Dco
2315 1164 2391 1239 &
2440 1188 2480 1249 a
2532 1164 2745 1237 salute
2778 1164 3029 1237 abduci
3066 1186 3188 1257 per
3214 1158 3333 1235 su·-

839 1258 1144 1355 perbiam
1171 1286 1377 1356 quam
1403 1261 1558 1333 talia
1580 1260 1909 1335 cordibus
1941 1260 2301 1356 inspirant,
2320 1283 2583 1357 perque
2604 1264 2823 1333 malos
2847 1262 3017 1333 alios
3032 1257 3333 1349 fru&uS,

833 1358 916 1429 &
938 1354 1270 1452 ja&uram
1304 1359 1638 1452 temporis
1673 1356 1953 1455 pretiofi
1985 1414 2010 1447 ,
2058 1356 2293 1429 salutis
2326 1354 2769 1451 acquisitioni
2806 1357 3055 1429 debiti.
3146 1356 3221 1427 N
3234 1379 3335 1427 on

777 1486 786 1497 ·
840 1452 1217 1548 improbari
1244 1474 1474 1526 tamen
1497 1452 1545 1525 fi
1573 1459 1726 1551 quis
1743 1456 1875 1551 jam
1887 1474 2089 1526 antea
2118 1453 2396 1525 istarum
2414 1454 2665 1525 artium
2688 1454 3121 1526 Criticarum
3144 1451 3334 1523 fimi-

839 1548 1158 1646 liumque
1195 1550 1474 1623 scientia
1499 1550 1814 1625 imbutus
1846 1609 1869 1642 ,
1920 1575 2027 1623 eas
2058 1550 2484 1645 postliminio
2516 1549 2599 1620 ad
2642 1552 3021 1647 Scriptura't·
3054 1548 3333 1623 literam

843 1646 1195 1741 applicet,
1245 1647 1462 1718 modo
1509 1647 1659 1723 haec
1711 1676 1749 1721 e
1793 1647 1982 1745 justo
2021 1646 2313 1719 aestimet
2343 1646 2603 1742 pretio,
2662 1670 2795 1720 nec
2822 1647 3051 1720 ultra:
3108 1646 3333 1717 mo‘do

848 1766 996 1813 non
1029 1762 1108 1815 ut
1137 1743 1537 1833 nece-ffaria,
1591 1768 1736 1817 non
1767 1767 1845 1817 ut
1878 1743 2091 1815 solida
2116 1799 2138 1834 ‚
2193 1768 2336 1815 non
2374 1762 2452 1815 ut
2489 1744 2751 1815 clavem
2788 1738 3169 1839 Scripturae
3222 1743 3332 1813 in-

845 1838 1250 1933 telligendae
1269 1895 1291 1929 ‚
1345 1864 1486 1913 non
1513 1860 1591 1913 ut
1611 1840 1824 1939 digna
1848 1840 2103 1935 quibus
2127 1839 2619 1935 toti'&faepius
2646 1849 3073 1937 occupemur
3086 1838 3329 1927 eadem

838 1936 1349 2023 commendet.;
1399 1936 1510 2009 sed
1545 1960 1626 2009 ut
1656 1935 2043 2010 minuscula
2072 1936 2390 2032 quaedatn
2419 1937 2491 2007 &
2525 1934 3339 2008 access‘oria'exercitiola.

779 2065 782 2071 ·
845 2030 1097 2124 quibus
1138 2032 1511 2105 minimum
1551 2033 1929 2131 temporis,
1984 2031 2359 2105 minimum
2394 2028 2683 2105 affectus
2724 2058 2803 2105 ac
2838 2032 3047 2105 studii
3080 2032 3339 2103 debea-

841 2150 1000 2199 mus
1029 2180 1049 2215 ,
1096 2128 1680 2225 repraesententur
1711 2157 1732 2217 3
1787 2132 1861 2203 &
1892 2131 1986 2202 ita
2009 2130 2288 2225 quidem
2321 2186 2343 2220 ‚
2396 2150 2475 2201 ut
2504 2154 2591 2201 ex
2621 2128 2724 2203 his
2752 2129 2978 2203 veluti
3014 2129 3331 2217 umbris,

789 2280 794 2283 .
841 2224 930 2306 ad
969 2222 1424 2321 spiritualiora
1455 2227 1534 2300 δε
1555 2226 1859 2300 coelestia
1886 2247 2192 2301 mentem
2222 2226 2396 2324 erigi
2430 2245 2777 2323 oporteat.

761 2327 764 2332 ’
935 2321 1302 2417 Quantum
1335 2321 1418 2395 ad
1454 2327 1732 2426 mysteria
1755 2382 1779 2414 ‚
1830 2325 1916 2396 ad
1936 2347 2177 2398 eorum
2211 2319 2530 2396 notitiam
2554 2343 2761 2420 atque
2780 2322 3329 2419 explicationem

735 2461 740 2468 -
841 2419 1062 2491 nullis
1087 2420 1278 2514 poss‘e
1313 2420 1629 2492 humanis
1663 2418 1925 2493 artibus
1959 2445 2039 2494 ac
2067 2413 2305 2493 >studiis
2337 2421 2732 2516 perveniri,
2785 2418 2901 2491 sed
2932 2419 3071 2492 sola
3105 2419 3335 2516 Spiri-
3421 2421 3443 2430 “

845 2513 1276 2590 tus-Divinae
1303 2518 1667 2613 Sapientiae
1691 2517 2145 2590 illustratione
2178 2538 2390 2613 atque
2428 2515 3097 2589 communicatione.
3166 2517 3331 2588 Ne-

849 2633 991 2708 que
1026 2615 1229 2686 ctiam
1265 2615 1350 2686 ad
1389 2617 1542 2686 haec
1579 2613 2063 2712 cognoscenda
2110 2614 2320 2686 licere
2354 2614 2566 2686 cuivis
2604 2613 2985 2710 adspirare3
3034 2611 3141 2684 sed
3176 2613 3320 2685 inis

847 2727 1116 2781 tantum
1147 2735 1442 2805 quorum
1480 2735 1650 2806 pura
1685 2733 1883 2782 mens
1914 2709 1999 2782 ab
2032 2710 2181 2806 ipso
2218 2711 2511 2805 Spiritus
2555 2710 2695 2781 Dei
2728 2708 3017 2780 stimulo
3054 2710 3319 2780 excita-

843 2817 964 2875 tur
991 2807 1097 2878 uti
1135 2809 1287 2880 haec
1321 2809 1359 2880 a
1397 2807 1558 2880 Deo
1595 2808 1951 2903 postulent
1976 2864 1998 2898 ‚
2050 2807 2238 2878 unde
2264 2830 2506 2879 eorum
2542 2829 2781 2901 preces
2801 2806 2961 2877 Deo
2986 2825 3325 2901 acceptat,

842 2901 1338 2976 exaudiantur:
1392 2906 1534 2976 imo
1567 2927 1706 2976 non
1729 2905 1866 2976 effe
1888 2904 2152 2976 necessc
2180 2901 2571 2998 ut'quilibet
2592 2902 2700 2974 vel
2720 2900 3117 2995 fimpliciori
3154 2926 3327 2990 rno-

849 2997 944 3070 do
969 3024 1206 3072 omnes
1237 3003 1620 3095 Scripturas
1644 3001 1754 3074 vel
1780 3001 2129 3098 intelligat
2154 2999 2268 3070 vel
2304 2999 2491 3096 legat
2514 3025 2535 3085 3
2584 2997 2697 3071 sed
2718 3021 2805 3070 ex
2832 2999 2916 3070 iis
2940 3011 3210 3070 tantum
3248 2998 3327 3070 id

838 3094 1040 3190 quod
1071 3095 1324 3170 sufficit
1352 3117 1432 3171 ut
1459 3097 1619 3170 inde
1651 3099 1940 3171 tendant
1953 3102 2037 3172 ad
2058 3097 2339 3192 scopum
2376 3097 2549 3192 legis
2576 3096 2649 3167 &
2673 3096 3223 3190 Scripturaruni,
3246 3096 3329 3168 δε
3438 3139 3457 3144 -

845 3192 1212 3288 acquirant
1233 3219 1394 3266 eum
1411 3242 1436 3282 ,
1472 3193 1799 3267 videlicet
1821 3194 2157 3290 Spiritum
2182 3193 2451 3269 Christi
2470 3190 2637 3282 Jesu
2664 3245 2685 3276 ‚
2718 3194 2844 3286 qui
2858 3192 3060 3276 ‚vivat
3084 3246 3108 3280 ,
3158 3212 3329 3287 agat

843 3286 918 3359 δε
943 3309 1138 3385 regat
1161 3293 1229 3361 in
1261 3291 1395 3363 illis
1477 3312 1638 3364 rout
1665 3289 1838 3363 fecit
1872 3294 1945 3362 in
1975 3290 2115 3363 Dei
2146 3289 2343 3361 Filio
2376 3288 2693 3362 homines
2730 3289 2909 3358 inter
2934 3285 3105 3358 dum
3132 3288 3329 3360 vive-

841 3404 977 3456 ret.
1052 3387 1382 3483 Deni-que
1435 3413 1458 3459 1
1487 3388 1574 3460 ab
1600 3387 1840 3484 aliquo
1870 3387 2067 3483 plura
2102 3410 2181 3457 ac
2222 3385 2611 3482 specialiora
2638 3383 2727 3455 de
2754 3383 3133 3478 scripturis
3170 3384 3331 3457 exi-

845 3500 1044 3577 geret
1089 3482 1279 3556 Deus
1310 3540 1333 3572 ‚
1385 3506 1467 3555 ea
1493 3482 1731 3555 omnia
1763 3481 1899 3555 effe
1928 3503 2076 3556 tum
2108 3478 2562 3578 exspectanda
2590 3479 2674 3550 ab
2702 3480 2851 3575 ejus
2884 3479 3325 3572 directione,

842 3601 989 3650 tum
1022 3578 1346 3652 donanda
1376 3579 1463 3652 ab
1484 3581 1630 3653 e'us
1651 3579 1895 3678 spiritu
1924 3634 1945 3667 ‚
1995 3604 2140 3653 non
2171 3574 2395 3650 minus
2429 3575 2635 3674 quam
2667 3575 2963 3668 ipsarum
2996 3578 3333 3672 Scriptu-

841 3670 1080 3748 rarum
1113 3674 1445 3774 scopum,
1547 3699 1703 3750 nem
1733 3735 1755 3768 ‚
1810 3697 2015 3775 atque
2052 3673 2497 3748 substantiam
2534 3672 2950 3760 vivificata,
2994 3673 3073 3744 &
3098 3675 3329 3748 inter-

843 3772 1302 3866 pretationem
1343 3773 1746 3871 sensumque
1778 3773 2172 3860 salutarem‚
2224 3793 2433 3867 quern
2468 3794 2636 3843 vero
2666 3792 2887 3842 unum
2928 3769 3087 3840 vult
3124 3769 3329 3844 Deus

700 3895 720 3913 ··
767 3897 770 3902 ·
839 3887 930 3942 ut
972 3893 1216 3945 omncs
1261 3869 1349 3945 ab
1399 3870 1548 3968 ipso
1599 3871 1958 3968 postulent
1984 3921 2009 3963 ,
2054 3869 2133 3944 ὃς
2170 3891 2380 3966 quem
2416 3891 2577 3942 cum
2611 3864 3063 3960 vafiszdebito
3100 3865 3329 3942 modo

1091 3987 1101 3997 ·
1599 4002 1614 4014 .
3132 3981 3327 4057 121·ae-
