3552 4592
3353 21 3552 96 '³1

839 146 1010 267 580
1477 142 2690 229 Ep1sroni

847 298 916 368 C
938 318 986 366 A
1011 310 1726 367 LUMNIATORUM
1754 347 1779 381 ,
1833 289 2099 365 tenebm
2121 290 2257 385 sius
2282 293 2472 385 magis
2508 311 2693 383 quam
2718 290 2913 359 lucem
2943 292 3345 391 amantium:

834 394 1188 465 declaravit
1209 398 1371 462 enim
1403 388 1573 485 Jessas
1597 398 1653 458 C
1650 388 1865 482 hristus
1888 435 1914 475 ,
1964 388 2126 461 hanc
2145 388 2246 476 ff
2273 388 2515 457 illorum
2536 386 2989 457 damnationem
3018 444 3045 481 ‚
3092 394 3347 490 quande

832 496 989 566 Lux
1023 512 1179 563 nata
1209 491 1303 560 eff
1334 493 1399 561 in
1429 483 1686 565 tenebris
1705 540 1731 577 ‚
1786 488 1866 563 ά·
1890 508 2098 580 tamen
2126 483 2287 555 hanc
2320 484 2618 559 noluerint
2646 484 2991 580 agnoscere.

1347 662 1426 745 C
1540 690 1600 753 Q
1713 693 1772 744 N
1886 689 1943 743 c
2058 691 2111 743 L
2225 691 2288 745 υ
2406 688 2439 742 s
2556 692 2585 743 1
2699 648 2777 745 ὀ,

849 812 1292 886 ὥαναὲἕενκνη
1317 837 1461 909 quos
1489 811 1712 905 recens
1693 815 1885 883 m‘mus
1906 810 2313 909 Mysticorum
2332 834 2467 881 cum
2484 817 2560 880 S.
2579 817 2627 879 S
2628 818 2901 908 cm‘ptura
2924 818 3354 913 confhmiia,

509 992 576 1074 ς,
632 1008 767 1080 91,
947 973 1136 1073 (91.)
1194 974 1294 1048 At
1330 992 1610 1071 tempus
1637 969 1734 1045 est
1774 971 1941 1046 huic
1980 966 2377 1069 digreflioni
2415 1025 2437 1061 ,
2490 994 2699 1070 quam
2738 972 2911 1048 mihi
2948 974 3349 1055 concedere

849 1072 1129 1147 voluisti
1153 1128 1180 1164 ,
1231 1072 1378 1145 imo
1407 1072 1542 1144 toti
1580 1068 1743 1143 huic
1765 1069 2101 1166 Epistolae
2132 1068 2347 1141 finem
2380 1070 2766 1165 imponere.
2840 1072 3129 1149 Scilicet
3153 1076 3353 1152 suffi-

846 1170 946 1243 cit
985 1169 1314 1247 haetenus
1337 1166 1716 1265 depinxiss‘e
1754 1167 2228 1261 plurimorum
2266 1166 2721 1263 mysticorum
2764 1169 2839 1241 &
2876 1169 3349 1266 spiritualium

843 1266 1241 1340 Auctorum
1277 1267 1660 1335 charac‘leres
1681 1320 1709 1353 ‚
1763 1262 2121 1335 occasione
2146 1264 2475 1335 tredecim
2499 1284 2621 1335 aut
2642 1267 3157 1359 quatuordecim
3192 1274 3351 1368 pri-

842 1368 1261 1453 mariorum,
1301 1361 1467 1458 qui,
1519 1382 1597 1433 ut
1620 1359 1849 1457 primo
1874 1359 2189 1433 animum
2232 1352 2515 1457 appuli,
2564 1358 2697 1433 soli
2734 1368 3353 1443 commemorandi

769 1518 776 1523 .
844 1483 1065 1535 erant.
1122 1463 1364 1557 Atque
1392 1460 1535 1555 jam
1563 1480 1708 1532 non
1744 1456 1967 1553 potest
2009 1479 2150 1529 non
2181 1455 2512 1529 omnibus
2533 1456 2668 1529 effe
2688 1480 2777 1529 ex
2806 1459 3011 1535 dietis
3046 1464 3355 1539 manife-

845 1558 1031 1630 stum
1056 1608 1079 1646 ‚
1131 1578 1208 1629 ut
1244 1557 1412 1628 mihi
1435 1556 1760 1652 equidem
1792 1552 2114 1641 videtur,
2164 1552 2357 1649 istam
2396 1552 2853 1628 diversitatem
2880 1605 2905 1644 ‚
2954 1584 3111 1657 quae
3154 1562 3361 1637 inter

848 1655 1012 1727 illos
1033 1654 1169 1727 sese
1195 1651 1490 1725 offerens
1515 1650 1996 1725 difficultatem
2026 1648 2361 1748 gignebat
2383 1705 2403 1735 ,
2442 1652 2731 1723 minime
2760 1653 2893 1725 ess'e
2912 1656 3223 1731 intimam
3264 1662 3359 1735 in

845 1767 1080 1829 mente
1109 1752 1436 1825 &animo
1469 1749 1865 1845 Auctoruin
1899 1746 2187 1820 istorum
2220 1747 2783 1821 contrarietatem
2810 1807 2835 1839 ‚
2886 1749 3065 1828 sicut
3100 1780 3231 1829 nec
3274 1760 3363 1835 in

847 1842 1276 1944 argumentis
1303 1846 1392 1919 de
1411 1846 1669 1942 quibus
1687 1865 1912 1941 agunt
1933 1875 1957 1930 3
1986 1866 2235 1917 verum
2264 1845 2427 1935 effe,
2454 1869 2587 1917 ceu
2608 1846 2681 1917 in
2703 1845 3029 1923 tractatus
3054 1854 3363 1951 hujusce

846 1946 1052 2017 1111th
1079 1953 1506 2033 monuimus,
1527 1943 1997 2039 multiplicem
2012 1941 2459 2015 variationem
2480 1944 2862 2041 gratiarum
2888 1948 2963 2021 &
2994 1946 3361 2026 luminum

850 2043 1058 2115 unius
1089 2040 1344 2114 Div'ini
1381 2040 1722 2113 Numinis
1744 2092 1763 2124 ‚
1817 2042 1890 2112 &
1922 2036 2233 2111 diversos
2260 2039 2590 2135 operandi
2620 2041 2867 2115 modos
2904 2045 3208 2141 ejusdem
3238 2050 3369 2123 su-

851 2140 1074 2235 premi
1107 2136 1371 2235 agentis
1397 2190 1417 2223 ‚
1445 2136 1674 2233 quales
1697 2138 1770 2209 &
1790 2136 1859 2208 in
1884 2135 2309 2211 Divinarum
2346 2134 2749 2211 Literarum
2772 2138 3043 2215 Codice
3068 2144 3363 2225 abunde

846 2233 1335 2308 describuntur
1361 2289 1384 2324 ,
1436 2255 1586 2307 tum
1613 2258 1735 2330 per
1757 2254 2142 2332 praecepta,
2174 2252 2327 2308 tum
2355 2259 2475 2332 per
2492 2236 2815 2332 exempla
2840 2261 2999 2334 quae
3022 2242 3219 2318 Deus
3232 2244 3365 2324 su-

845 2331 1316 2424 scitavit,tum
1333 2333 1408 2406 ὃς
1427 2355 1546 2428 per
1563 2327 2064 2427 promiffiones,
2084 2354 2251 2428 quas
2270 2329 2459 2404 idem
2475 2330 2644 2404 fecit
2664 2359 2689 2405 2
2708 2337 3012 2434 exempli
3034 2343 3253 2439 gratia
3272 2371 3301 2418 ε

940 2429 1324 2502 Charaeter
1354 2433 1424 2498 Τ
1413 2433 1609 2500 autera·
1631 2429 1706 2502 δε
1737 2426 2209 2524 illorumejus
2242 2426 2506 2503 ordinis
2526 2487 2551 2521 ,
2571 2430 2693 2526 qui
2716 2430 2817 2504 est
2839 2482 2867 2522 ,
2900 2459 3025 2532 per
3056 2459 3363 2516 externa

847 2524 934 2600 ad
967 2527 1267 2602 internas
1297 2523 1517 2598 redire
1546 2522 1906 2601 facultates.
1930 2583 1954 2616 ‚
2004 2524 2091 2596 δὲ
2112 2523 2280 2597 hinc
2315 2523 2386 2596 in
2414 2523 2641 2600 fundo
2671 2528 2921 2604 anima:
2940 2533 3027 2606 ad
3048 2537 3299 2614 Deum
3322 2571 3361 2628 ς
3547 2584 3552 2629 4

849 2624 1040 2699 idem
1066 2624 1248 2697 illud
1271 2622 1371 2696 est
1389 2670 1421 2711 2
1436 2623 1634 2716 cujus
1655 2619 2067 2696 exercitium
2092 2623 2165 2692 in
2195 2621 2449 2696 Verbo
2470 2623 2609 2698 Dei
2642 2627 2907 2704 centies
2926 2632 3367 2736 injungitur,
3547 2652 3552 2715 τ

851 2723 1028 2796 dum
1044 2721 1132 2794 ab
1156 2720 1458 2794 externis
1481 2717 2041 2792 distractionibus
2062 2720 2145 2790 ad
2172 2718 2437 2806 interna
2460 2719 2721 2796 ibidem
2745 2748 3169 2804 revocantur
3192 2733 3361 2808 ani·
3549 2734 3552 2749 '

849 2843 988 2893 mae
1016 2850 1042 2905 5
1097 2839 1314 2916 prout
1341 2835 1582 2893 monet
1593 2814 1839 2906 Jesaias
1892 2815 2101 2910 (Cap.
2121 2817 2249 2912 46:
2281 2815 2385 2898 8.)
2409 2817 2581 2892 dum
2607 2819 2839 2916 inquit
2864 2849 2889 2894 2
2912 2829 3163 2919 Redite,
3176 2853 3355 2926 pre-

842 2924 1264 3006 varicatores,
1278 2916 1365 2984 ad
1385 2941 1506 2985 cor.
1561 2913 1913 2990 Continet
1932 2913 2325 2985 exhortatio
2348 2914 2496 2988 haec
2518 2915 2869 2990 manifeste
2892 2921 3191 3000 verbum
3210 2948 3353 3002 et·-

739 3019 747 3026 ’
847 3034 1128 3086 ternum
1147 3065 1166 3098 ,
1203 3008 1396 3108 quod
1421 3010 1592 3082 dum
1623 3007 1899 3084 auribus
1930 3009 2360 3106 percipitur,
2410 3033 2696 3108 oportet
2722 3035 2803 3086 ut
2818 3019 3095 3110 faculm
3130 3023 3358 3098 intel-
3545 3060 3552 3093 ι

843 3108 1160 3206 ligentiae
1195 3107 1374 3182 idem
1402 3107 1947 3203 comprehendat
1974 3107 2061 3180 ad
2089 3131 2169 3180 ca
2220 3108 2505 3180 iendum
2528 3111 2673 3206 ejus
2706 3111 2965 3187 sensum
2990 3134 3017 3206 ·,
3068 3117 3349 3214 quibit:

847 3205 1201 3294 inculcat,
1253 3227 1337 3278 ut
1372 3208 1527 3301 quis
1551 3216 1614 3274 in
1649 3204 1892 3278 intima
1918 3209 2119 3276 cordis
2176 3205 2249 3278 ui
2288 3203 2524 3279 denuo
2559 3206 3011 3307 ingrediatur.
3111 3217 3349 3294 Pon-0
3511 3134 3552 3381 1

847 3302 1138 3376 efflatum
1169 3302 1552 3376 Servatoris
1589 3301 1809 3373 nostri
1828 3351 1857 3390 ‚
1904 3309 2025 3372 Pro
2046 3301 2282 3396 foribus
2313 3301 2479 3391 asto,
2514 3331 2697 3404 atque
2716 3309 2886 3403 pulsi>
2917 3367 2941 3402 ,
2994 3309 3349 3394 Divinam

843 3399 925 3473 in
950 3398 1291 3474 sensibiles
1333 3398 1630 3474 hominis
1675 3396 2037 3472 facultates
2067 3395 2573 3492 impressionem
2602 3401 2891 3477 denotat
2930 3433 2953 3481 t
2984 3411 3193 3504 fiquis
3226 3441 3357 3488 u·-

811 3501 980 3568 -dita
1003 3523 1151 3588 voce
1177 3523 1315 3568 mea
1337 3508 1588 3572 ianuam
1607 3503 1913 3594 aperuerit
1940 3521 1966 3581 3
1996 3519 2089 3568 en
2118 3494 2249 3575 tibi
2265 3519 2513 3572 verum
2538 3498 2927 3578 ἰηῑεῙΙεᾶῠε
2958 3505 3197 3601 usum,
3217 3513 3351 3610 qui
3543 3496 3552 3561 l

843 3594 1142 3669 attendit
1175 3619 1198 3680 3
1250 3594 1325 3668 &
1356 3589 1750 3666 affeetiones
1778 3643 1807 3679 ,
1838 3617 2001 3690 quae
2026 3593 2353 3666 Domi-no
2374 3593 2679 3670 resistere
2702 3597 3025 3676 desinunt
3062 3630 3081 3676 ε
3136 3616 3359 3707 ingre.»

737 3769 748 3776 ,
839 3694 989 3764 diar
1005 3695 1094 3761 ad
1118 3719 1250 3760 eum
1274 3745 1304 3779 ,
1353 3693 1429 3766 ό*
1461 3716 1680 3762 cumea
1705 3690 1944 3761 coenabo
1960 3737 1983 3777 ,
2012 3711 2107 3762 ⁴:9⁹
2136 3691 2549 3783 ipse‘mecum3
2574 3694 2723 3768 haec
2744 3695 2844 3769 est
2868 3699 3349 3780 manifestatio

839 3788 988 3860 Dei
1008 3788 1084 3860 in
1111 3783 1332 3860 fundo
1359 3785 1606 3858 animae
1635 3842 1657 3875 ,
1713 3785 1871 3882 quic
1896 3785 2119 3883 ipsum
2155 3806 2311 3860 tum
2342 3813 2484 3861 non
2505 3793 2803 3888 amplius
2838 3793 3007 3869 foris
3038 3805 3347 3898 quaerit,

845 3881 962 3956 fed
992 3885 1180 3958 intus
1212 3883 1478 3956 invenit
1497 3931 1524 3971 ,
1573 3906 1875 3978 cumque
1898 3882 2041 3980 ipso
2065 3886 2535 3960 communicat
2568 3943 2591 3978 ,
2642 3914 2769 3964 ceu
2800 3891 2943 3988 ipse
2978 3919 3152 3970 cum
3178 3900 3303 3976 ina
3322 3959 3351 3998 ,

801 3978 918 4066 ..jn
935 3981 1196 4068 intimo
1223 3979 1526 4060 essentiae
1549 3981 1700 4081 ejus
1717 4000 1989 4055 centm.
2042 3979 2349 4076 Apocal..
2364 4000 2433 4082 3:
2462 4006 2596 4080 20.-

2973 4089 3171 4190 (92.)
3186 4095 3337 4186 qu
