3552 4592
858 142 1020 228 616
1131 226 1144 239 ,
1339 137 1937 225 Ensromi
2018 162 2154 223 Ao
2234 138 2913 223 Aucroxizu

845 289 1102 377 bitur3
1148 284 1335 381 unde
1363 274 1708 386 sequetur
1727 308 1875 361 non
1902 308 2055 359 eam
2080 337 2108 379 ,
2156 285 2268 360 sed
2310 307 2379 361 te
2420 287 2647 387 ipsum
2676 312 2817 387 qua
2840 284 3218 387 superbum
3276 288 3363 365 &⁵

853 406 1269 483 corruptum
1291 434 1316 475 ,
1361 412 1406 459 a
1432 407 1503 458 te
1537 384 1791 483 diligi3
1843 406 2076 480 neque
2096 384 2459 460 veritatem
2485 442 2510 479 ,
2562 385 2677 459 sed
2706 408 2959 459 vanum
2994 388 3073 461 &
3112 384 3367 460 falihm

854 484 1004 579 ejus
1042 484 1478 557 fimulacrum
1505 502 1780 557 tantum
1814 481 2050 555 haberi
2082 508 2107 570 ;
2160 481 2497 581 fiquidem
2520 481 2768 556 veritas
2790 508 2939 557 non
3064 481 3177 557 ffit
3192 484 3365 557 sub·

833 580 1088 656 -sistere
1126 606 1288 654 cum
1333 580 1638 653 vanitate
1657 636 1680 671 ,
1707 576 1999 653 falfitate
2026 632 2051 667 ,
2096 579 2297 656 fumo
2317 583 2394 655 &
2422 578 2973 679 mendacio,qui
3026 604 3107 653 us
3128 583 3369 657 omnis

854 678 1172 777 superbia
1201 673 1604 751 absolvitur.
1659 677 1758 749 Et
1798 678 1872 751 in
1899 700 2155 774 genere
2182 700 2325 750 non
2356 678 2627 751 tantum
2658 702 2805 749 non
2834 677 3069 775 potest
3088 675 3371 767 veritas,

858 776 976 849 sed
1009 798 1236 873 neque
1262 773 1406 846 ulla
1433 774 1654 847 virtus
1675 771 1850 846 vere
1888 772 2206 869 poffideri
2246 791 2618 871 antequam
2656 774 2811 871 quis
2844 799 2969 871 per
2996 774 3363 849 difficilem

858 872 934 947 8(
959 895 1260 946 amaram
1297 889 1538 945 contra
1561 868 1627 944 se
1654 892 1967 967 pugnam
2004 873 2081 945 δε
2117 871 2219 945 sui
2247 869 2757 969 displicentiam
2778 928 2800 962 ,
2851 895 3165 946 amorem
3196 897 3371 970 pro-

855 970 1092 1069 prium
1137 972 1213 1044 &
1239 967 1455 1044 animi
1488 966 1875 1065 superbiam
1910 1022 1935 1059 ,
1990 972 2187 1065 (quae
2222 968 2333 1041 vel
2362 972 2436 1041 in
2483 964 2641 1064 ipfis
2670 968 3053 1043 virtutibus
3084 968 3365 1043 tectum

838 1066 990 1144 ‘fibi
1020 1066 1265 1143 nidum
1299 1064 1600 1140 condere
1633 1063 1999 1151 vellent‚)
2054 1067 2573 1163 impugnaverit
2598 1120 2621 1155 ,
2670 1063 2935 1161 eosque
2960 1064 3373 1141 debellave-

857 1167 954 1239 rit
990 1208 1014 1257 -‚
1065 1189 1146 1239 ac
1184 1164 1480 1237 omnino
1515 1161 1856 1237 devicerit
1896 1188 1913 1232 :
1968 1184 2133 1259 quae
2165 1166 2429 1236 utinam
2474 1159 2802 1233 omnibus
2836 1163 2910 1235 &
2942 1162 3123 1237 bene
3162 1166 3369 1239 cordi

861 1262 1084 1337 effent
1109 1318 1132 1353 ,
1183 1263 1258 1336 &
1287 1260 1362 1333 in
1391 1260 1676 1333 Ethices
1707 1259 1849 1332 suae
1877 1257 2353 1357 principiis‘de
2384 1259 2805 1357 acquirenda
2824 1262 3083 1335 virtute
3120 1318 3147 1355 ,
3194 1258 3369 1336 fim-

863 1358 1174 1435 damenti
1209 1356 1432 1433 instar·
1453 1354 2068 1431 substruerentur!
2416 1430 2421 1437 ,
2516 1375 2555 1395 ··
3074 1392 3087 1400 ·

796 1542 800 1547 ,
959 1456 1191 1529 Porro
1223 1454 1448 1527 nolim
1475 1450 1795 1528 dubitare
1824 1454 1998 1549 quin
2028 1450 2561 1551 Benigniffimus
2590 1453 2792 1529 Deus
2810 1510 2833 1546 ,
2854 1476 3097 1528 omnes
3128 1450 3373 1530 homi-

866 1576 988 1627 nes
1015 1551 1240 1627 salvos
1261 1554 1336 1627 &
1361 1550 1650 1625 veritate
1679 1548 1985 1625 imbutos
2012 1549 2255 1625 volens
2272 1599 2299 1641 ,
2341 1575 2433 1626 ex
2460 1549 2741 1625 adversa
2762 1572 2959 1647 parte
2978 1552 3111 1627 tibi
3131 1553 3371 1629 bonos

869 1669 1108 1725 motus
1137 1671 1292 1723 uon‘
1318 1672 1578 1743 paucos
1613 1647 1825 1721 etiam
1860 1646 2301 1743 inspiraverit
2328 1698 2355 1738 ,
2404 1646 2660 1746 quibus
2678 1648 2769 1721 ,δε
2798 1650 3069 1723 amoris
3096 1651 3174 1725 &
3200 1652 3373 1749 glo-

868 1748 994 1821 riae
1022 1746 1169 1843 ejus
1199 1802 1223 1837 ,
1275 1744 1350 1820 &
1391 1744 1877 1844 proximorum
1904 1743 2311 1819 dilectionis
2338 1765 2552 1842 atque
2596 1744 2997 1820 concordiae
3030 1746 3377 1825 defluet-ia

871 1844 1045 1919 inte
1071 1843 1472 1939 excitaverit
1501 1898 1524 1934 ‚
1577 1864 1885 1939 quorum
1921 1842 1994 1914 in
2022 1839 2291 1939 scriptis
2311 1844 2449 1915 tuis
2470 1843 2697 1940 aliqua
2724 1865 3135 1939 comparent
3152 1846 3375 1921 vesti-

872 1941 988 2042 gia
1012 1990 1038 2031 ‚
1091 1939 1376 2038 quando
1419 1940 1658 2013 omnia
1687 1938 1870 2013 inter
1890 1938 2317 2013 Christianos
2344 1938 2800 2015 moderatiora
2832 1938 2905 2012 &
2940 1940 3165 2038 magis
3192 1966 3379 2017 oon-

869 2039 1110 2114 cordia
1133 2056 1424 2134 exoptas
1446 2092 1474 2126 ,
1524 2036 1600 2110 &
1618 2092 1645 2127 ,.
1664 2035 1770 2108 uti
1794 2034 1935 2107 huc
1960 2034 2241 2111 redeant
2270 2092 2295 2127 ‚
2344 2037 2419 2109 in
2448 2036 2805 2111 meliorem
2826 2035 3189 2112 interdum
3214 2059 3383 2137 pu·-

871 2160 1015 2209 tem
1051 2130 1259 2211 trahis
1293 2156 1374 2206 ea
1401 2132 1490 2207 de
1563 2128 1768 2207 uibus
1788 2131 2217 2206 distendunt.
2272 2132 2617 2230 Equidem
2642 2158 2735 2208 ex
2754 2130 3091 2209 instinflm
3110 2138 3386 2219 amor}

929 2230 1139 2329 roprii
1163 2226 1396 2304 solent
1430 2226 1494 2302 se
1527 2252 1568 2302 e
1595 2227 1845 2339 gloriae
1880 2228 2075 2318 Dei,
2121 2228 2519 2308 concordiae
2550 2232 2868 2330 pacisque
2894 2230 3205 2310 obtentu
3237 2260 3373 2312 ,νο-

939 2355 1012 2406 re
1048 2330 1126 2406 δε
1167 2324 1270 2414 illi
1307 2328 1432 2424 qui
1481 2324 1734 2401 invisos
1778 2324 2143 2424 publicant
2166 2351 2469 2404 errores.
2556 2333 2660 2404 At
2694 2328 2919 2403 nolim
2952 2351 3029 2404 te
3062 2357 3155 2406 ex
3186 2335 3379 2432 ejuc-

874 2425 1068 2500 modi
1097 2447 1294 2498 mero
1327 2423 1800 2521 corruptiopis
1830 2424 2179 2521 principio
2232 2425 2627 2499 existimare
2662 2447 2989 2524 agentem
3026 2486 3053 2519 ,
3102 2433 3377 2508 tametsi

875 2521 1056 2601 illud
1087 2520 1127 2600 ὲ
1158 2545 1378 2618 pravo
1409 2518 1636 2594 fundo
1656 2518 1873 2596 modo
1909 2521 2218 2596 indicato
2245 2547 2391 2596 non
2412 2523 2618 2596 semel
2638 2543 2955 2623 appareat
2976 2523 3379 2606 immistum

875 2620 1112 2696 erratis
1141 2641 1287 2694 non
1315 2617 1548 2715 paucis
1572 2675 1597 2708 ‚
1648 2641 1809 2716 qua:
1840 2636 1995 2694 tum
2022 2619 2098 2695 in
2126 2617 2545 2724 dogmaticis
2575 2640 2723 2696 tum
2754 2623 2827 2696 in
2850 2621 3207 2699 elenffids
3228 2629 3383 2704 tuis

880 2717 1044 2796 hinc
1083 2715 1246 2794 inde
1286 2713 1812 2794 interseruntur.

1986 2913 2048 2990 S.
2102 2904 2268 2980 111.

887 3061 1018 3148 :De
1055 3059 1652 3149 Generalioribus
1688 3066 1768 3148 in
1781 3059 2215 3179 scriptis-D.
2244 3061 2357 3147 Cl.
2381 3063 2935 3178 confiderandis‚
2956 3083 3125 3152 tum
3144 3093 3385 3184 quau·

999 3193 1164 3261 tum
1201 3177 1303 3262 ad
1319 3177 1670 3290 dogmata
1689 3175 2103 3292 Pelagiana
2126 3235 2151 3276 ‚
2204 3175 2493 3294 aliaque
2526 3185 2683 3298 {jus
2698 3187 2995 3292 generis
3012 3247 3034 3277 ,
3060 3209 3385 3298 quorun

965 3287 1609 3404 ‘defimdendorum
1643 3293 1909 3408 gratini
1964 3289 2349 3404 quibusvis
2382 3323 2468 3378 ea
2482 3292 3087 3407 ·improbantibus
3132 3293 3377 3412 iffa·-

900 3455 911 3462 —
986 3403 1116 3514 fias
1149 3403 1247 3516 est
1283 3438 1316 3500 ;
1373 3425 1535 3490 tum
1555 3405 1753 3520 quod
1788 3403 1889 3488 ad
1922 3402 2168 3500 modos
2198 3411 2471 3492 attinet
2501 3405 2773 3522 quib'us
2806 3405 3021 3520 crifin
3032 3407 3273 3523 sitam
3296 3418 3385 3496 ἀ

903 3567 910 3576 ·
995 3541 1108 3602 eos
1141 3537 1424 3605 exercet
1459 3519 1732 3633 quibus
1764 3517 2220 3634 adverfhtur
2237 3554 2264 3602 .·
2318 3520 2544 3640 deque
2572 3520 3021 3638 sophismate
3054 3523 3386 3638 quodam

996 3634 1154 3748 ejus
1173 3630 1586 3747 periculofh.
1786 3640 1793 3650 '
2838 3623 2877 3734 ‚⁸

979 3776 1429 3878 Quacunque
1461 3805 1534 3866 ar
1587 3800 2042 3860 umentorum
2060 3835 2087 3878 ‚
2138 3783 2257 3857 hic
2288 3807 2432 3860 non
2452 3785 2906 3864 dicendorum
2940 3843 2965 3879 ‚
3013 3783 3385 3862 certitudi-

893 3897 986 3952 ne
1007 3875 1193 3975 apud
1229 3901 1346 3970 me
1377 3901 1502 4010 per
1528 3871 1732 3996 nasus·
1749 3879 1874 3970 fist)
1902 3939 1937 3976 ο
1986 3901 2059 3959 te
2092 3879 2407 4052 le’fflm·
2432 3941 2463 3980 ν
2510 3882 2601 3962 ‘²⁶
2630 3877 3383 4051 ῳὼωμωᾰῗῑξξὲἶ
