3552 4592
484 111 1103 205 DeAuaoribus
1142 87 1490 236 msticis.
1549 127 1750 211 XII.
1808 140 1872 215 ς.
1906 128 2035 211 61.
2076 126 2205 211 62.
2248 129 2372 235 63.
2543 150 2694 235 543
2816 119 2824 123 ’

293 264 471 340 Erat
501 264 774 343 sanctus
811 266 934 341 ille
985 274 1340 369 (teque-ac
1371 273 1799 369 Anonymus
1829 270 2155 364 noster‚)
2204 270 2565 345 illiteratus
2615 270 2694 344 &
2734 318 2741 323 -
2792 314 2811 323 —

191 360 572 453 indoctus,
620 384 926 439 attamen
971 367 1271 465 Spiritus
1301 370 1372 444 S.
1426 370 1641 442 menti
1700 372 1774 445 ὃς
1820 370 2014 442 cordi
2050 374 2195 466 ejus
2243 369 2695 469 instillaverat

189 458 646 535 substantiam
679 510 706 551 ,
755 462 902 535 imo
924 463 1068 561 ipsa
1093 488 1382 564 quoque
1411 465 1624 539 verba
1653 467 1871 540 totius
1907 466 2291 562 Scriptura:
2314 467 2389 540 S.
2423 462 2690 563 ipfique

185 555 508 654 linguam
537 558 964 633 concefl‘erat
999 586 1154 655 quae
1183 563 1470 635 eandem
1500 564 1576 637 δε
1603 563 2001 661 exponebat
2028 564 2424 637 &aliorum
2457 560 2691 635 cordi-s

189 650 332 727 bus
355 655 806 751 imprimebat
837 658 1032 753 tant&
1057 656 1362 733 efficacia
1377 714 1406 751 ,
1458 681 1665 756 quam
1701 661 1895 734 nulla
1928 683 2152 757 neque
2196 658 2523 733 naturalis
2562 681 2686 730 ne-

187 772 338 847 que
371 752 602 824 studio
635 753 916 826 exculta
939 752 1254 830 facundia
1273 756 1624 851 attingere
1643 776 1919 855 poterat
1938 814 1960 849 ,
2017 775 2229 854 prout
2257 754 2489 830 divina
2506 752 2685 849 ejus-

185 852 356 923 dem
389 854 608 950 Opera
646 847 1006 925 clariffime
1047 853 1638 942 commonstrant,
1699 862 1859 951 quae
1910 876 2150 926 revera
2200 853 2299 928 nil
2343 852 2500 927 sunt
2550 847 2679 923 nisi
2791 868 2985 945 opera.
3086 906 3094 913 ·

185 965 574 1019 contextus
605 945 1002 1022 substantiae
1029 950 1104 1023 &
1136 951 1590 1025 terminorum
1629 951 1823 1024 Sacri
1864 950 2153 1022 Codicis
2177 998 2200 1038 ‚
2249 972 2339 1021 eo
2360 946 2680 1039 tendens,

184 1062 276 1117 ut
301 1043 617 1140 spiritum
653 1045 1095 1118 contritionis
1129 1048 1214 1119 in-
1237 1048 1501 1120 animos
1542 1067 1833 1121 revocet
1856 1103 1879 1134 ,
1931 1048 2253 1119 mortales
2288 1072 2325 1119 a
2358 1045 2541 1118 malo
2577 1044 2681 1119 se-

183 1138 536 1213 vcriflime
559 1137 854 1213 abdumt
885 1198 909 1233 ,
957 1142 1376 1240 eosdemque
1409 1142 1492 1215 ad
1531 1143 1803 1216 bonurn
1833 1143 2110 1216 fortiter
2136 1143 2448 1240 impellat
2480 1198 2502 1233 ,
2554 1166 2683 1239 per

181 1238 420 1311 omnis
439 1236 718 1337 generis
750 1237 1202 1312 incitamenta
1223 1286 1249 1331 ·,
1299 1240 1572 1315 timoris
1590 1298 1613 1333 ,
1635 1240 1772 1337 spei
1802 1243 1878 1315 &
1905 1240 2157 1313 amoris
2184 1288 2211 1329 ‚
2260 1260 2421 1335 quae
2444 1238 2685 1312 animo

181 1336 344 1431 quis
379 1334 984 1431 comprehendere
1009 1334 1239 1434 poffit.
1331 1338 1551 1410 Tanti
1597 1360 1885 1435 quoque
1936 1338 2049 1409 illa
2091 1334 2397 1433 ejusdem
2436 1334 2679 1430 Opera

185 1433 372 1505 olim
413 1431 678 1505 fiebant
703 1479 728 1521 ,
778 1452 862 1504 ut
902 1432 976 1505 in
1013 1431 1338 1507 Ecclefiis
1378 1433 1866 1509 Orientalibus
1917 1432 2195 1531 publice
2247 1433 2676 1530 legerentur.

181 1526 520 1603 Habetur
554 1552 802 1601 eorum
830 1528 1046 1603 versio
1079 1529 1335 1604 Latina
1367 1531 1738 1627 aliquoties
1774 1530 1904 1603 sub
1949 1530 2273 1603 incudem
2310 1548 2628 1601 revocata
2654 1582 2681 1618 ,

183 1626 268 1701 ὃ(
297 1626 546 1699 ultima
576 1625 729 1699 vice
761 1681 785 1717 ‚
834 1650 1020 1699 anno
1065 1629 1158 1700 16
1213 1648 1284 1723 5.
1335 1628 1688 1702 Coloniae.
1768 1625 2221 1715 Testamentum
2257 1626 2401 1720 ejus
2440 1682 2461 1715 ‚
2513 1628 2693 1715 cuin⁸

185 1721 609 1821 quibusdam
643 1722 947 1818 ejusdem
983 1748 1130 1819 opu
1161 1722 1337 1796 culis
1363 1772 1386 1811 ,
1437 1724 1726 1797 antehac
1761 1721 2052 1820 antiquo
2090 1723 2417 1795 idiomate
2446 1721 2678 1803 Galli·
3022 1782 3029 1790 .

185 1844 282 1894 co
313 1820 614 1918 prodiit:
666 1838 738 1892 at
767 1842 1020 1892 novam
1052 1820 1236 1893 illius
1278 1820 1921 1917 interpretationem
1948 1816 2158 1893 ‘dedit
2194 1820 2283 1891 P.
2314 1820 2677 1889 Lallemaen-
2749 1844 2811 1901 p,
2834 1834 3014 1903 Lane-

185 1920 354 2008 dus,
405 1916 878 1989 Cancellarius
914 1915 1402 1993 Univerfitatis
1439 1915 1815 1991 Parifienfis
1850 1972 1872 2007 ,
1937 1915 2010 1987 in
2052 1914 2243 1987 ‘libro
2276 1911 2557 1985 Gallico
2588 1911 2677 1986 de
2719 1919 2909 1979 mand.

185 2020 420 2087 Morte
453 2012 756 2109 Justorum
787 2037 973 2086 anno
1005 2015 1223 2115 1673.
1268 2014 1458 2111 typis
1495 2014 1839 2112 impreffo.
1934 2012 2022 2085 In
2053 2011 2243 2087 Vitis
2269 2009 2521 2108 pariter
2549 2010 2678 2081 Pa-

185 2128 390 2185 trum
419 2130 572 2183 tum
605 2110 934 2195 editionis
963 2110 1510 2208 Rosweydianae
1549 2161 1574 2202 ,
1624 2131 1779 2185 tum
1813 2106 2399 2207 interpretationis
2428 2104 2677 2178 Andil-

181 2204 394 2283 lianae
421 2262 444 2300 ,
507 2208 848 2306 reperitur
885 2206 1218 2299 tra8mtus
1249 2206 1550 2306 ejusdem
1585 2210 1659 2283 S.
1686 2208 2004 2306 Ephrem
2034 2264 2058 2300 ,
2114 2205 2239 2304 qui
2280 2203 2381 2278 est
2423 2227 2443 2274 z
2522 2211 2677 2279 Vita
2718 2215 2723 2223 ·

185 2313 266 2378 S.
289 2305 656 2377 Abraham·
679 2305 1054 2401 ejusdemque
1085 2313 1306 2400 fratris
1325 2308 1468 2402 filia
1491 2313 1862 2408 poenitentis.
2228 2327 2235 2333 ·

279 2402 470 2502 (63.)
521 2401 726 2474 Alius
763 2425 806 2474 e
836 2401 1209 2476 Veteribus
1243 2401 1486 2475 eodem
1520 2400 1766 2499 spiritu
1798 2403 1873 2476 &
1910 2398 2301 2474 charactere
2325 2396 2674 2484 imbutus,
2763 2407 2839 2482 ·§.
2868 2399 2990 2494 63.

183 2497 328 2573 fuit
357 2521 652 2598 magnus
689 2499 764 2573 δί
793 2498 1072 2572 divinus
1111 2499 1229 2572 ille
1257 2501 1350 2573 'S.
1389 2502 1474 2573 M
1497 2521 1547 2569 A
1568 2524 1612 2572 c
1633 2521 1683 2570 A
1705 2523 1756 2570 n
1784 2523 1810 2569 1
1832 2522 1884 2570 u
1906 2521 1939 2568 s
1991 2495 2387 2594 AEgyptius
2407 2552 2431 2586 ‚
2480 2517 2668 2568 coae-
2746 2497 2801 2580 ‚S-
2838 2497 3032 2552 Maca-

187 2619 323 2670 vus
351 2595 593 2669 Sancti
637 2596 940 2690 Ephrem
966 2653 988 2688 ,
1042 2595 1384 2669 solitarius
1413 2653 1437 2687 ‚
1490 2597 1566 2669 δί
1598 2592 1979 2690 discipulus
2004 2595 2075 2668 S.
2101 2589 2435 2680 Antonii,
2454 2615 2672 2688 quan·
2719 2587 2856 2630 ¹¹⁰⁵·

181 2715 398 2791 quam
429 2689 754 2766 indoctus
775 2745 800 2781 ‚
849 2713 1076 2765 tamen
1105 2715 1352 2790 potens
1387 2692 1462 2764 in
1491 2690 1885 2779 miraculis,
1918 2691 1989 2762 in
2022 2687 2403 2763 virtutibus
2431 2745 2453 2780 ,
2507 2689 2581 2762 &
2604 2687 2693 2759 in.

181 2787 452 2866 verbis.
579 2795 984 2888 uinquaginta
1017 2800 1139 2869 eius
1156 2793 1438 2860 Homiliae
1465 2838 1492 2879 ‚
1543 2813 1700 2886 quae
1730 2805 1975 2860 extant
2001 2843 2024 2879 ,
2058 2783 2388 2860 omnibus
2414 2808 2501 2857 ex
2532 2785 2683 2855 An-

185 2888 516 2987 tiquitatc
577 2887 748 2958 acris
771 2884 1092 2983 operibus
1122 2944 1145 2979 ,
1170 2909 1332 2958 meo
1353 2885 1686 2959 arbitratu
1707 2933 1733 2973 ‚
1784 2873 1905 2958 lon
1958 2908 1997 2956 e
2023 2881 2471 2956 antecellunt.
2526 2879 2685 2977 Spi-

185 2985 332 3059 ritu
363 2985 438 3074 8.
467 2981 774 3056 dictante
803 2983 1132 3058 videntur
1160 2981 1426 3080 scriptae
1453 3039 1476 3074 ‚
1526 3005 1907 3078 earumque
1950 2979 2233 3053 εᾶἱοηοει
2257 2976 2536 3052 saturari
2556 2977 2679 3050 vix

185 3083 457 3183 poterit
487 3082 600 3178 pia
625 3101 822 3152 mens
845 3129 870 3166 ‚
893 3079 1094 3155 'ficut
1127 3081 1201 3153 δί
1243 3109 1272 3150 ο
1313 3069 1646 3173 uftulbrum
1670 3081 1815 3175 ejus
1837 3132 1858 3163 ,
1911 3078 1987 3149 in
2024 3075 2280 3174 quibus
2308 3076 2491 3149 idem
2522 3075 2681 3148 cha·

187 3181 424 3256 ηᾶειε
448 3181 702 3251 elucet.
797 3175 1191 3251 Clariffime
1259 3175 1522 3248 entitur
1557 3233 1579 3269 ,
1633 3175 1972 3274 Spiritum
2024 3174 2296 3246 Summi
2340 3169 2681 3245 Numinis
2748 3197 3015 3259 chan-affer

187 3279 456 3356 ibidem
486 3275 813 3374 detegere
844 3273 1322 3350 incredibilem
1363 3271 1705 3348 miseriam
1753 3273 1827 3346 δι’.
1857 3270 2325 3368 captivitatem
2379 3267 2680 3342 hominis
2720 3297 2791 3341 or·
2818 3297 2968 3352 argu·

185 3375 322 3452 {hb
355 3391 642 3471 peccato
675 3373 750 3445 ὅτ,
787 3373 1188 3462 Daemone3
1237 3370 1464 3444 media
1503 3371 1664 3446 inde
1709 3393 1905 3444 emer
1954 3368 2111 3440 endi
2160 3391 2283 3462 per
2310 3363 2676 3440 Christum
2713 3368 2936 3442 men-tiam

165 3477 276 3564 ,δί
303 3467 768 3547 reviviscendi
805 3469 877 3541 in
911 3469 1218 3567 ejusdem
1248 3469 1512 3566 Spiritu
1539 3517 1564 3557 ‚
1616 3469 1735 3565 qui
1786 3493 1882 3566 po
1946 3490 2024 3539 ea
2068 3467 2322 3538 animas
2358 3461 2680 3573 victrices
2716 3433 2852 3582 {1⁶35
2855 3445 3021 3488 ‘⁰⁷¹⁶'

187 3571 378 3672 regit
403 3627 426 3662 ,
478 3571 687 3667 atque
707 3568 778 3640 in
807 3566 966 3664 ipfis
988 3569 1428 3666 operationes
1448 3567 1524 3641 δε
1549 3564 1929 3665 gratiarum
1962 3565 2145 3637 dona
2164 3560 2495 3660 producit
2516 3583 2680 3656 quae

191 3695 348 3748 non
376 3666 584 3740 novit
611 3664 945 3739 mundus.
2414 3739 2419 3744 .

291 3763 750 3866 superfluum
781 3760 966 3837 foret
991 3787 1110 3837 eos
1143 3813 1172 3854 ‚
1236 3761 1359 3860 qui
1411 3760 1485 3833 in
1537 3781 1759 3859 regno
1793 3755 2125 3857 spirituali
2168 3751 2431 3832 oculati
2482 3751 2687 3841 sunt,

189 3872 492 3948 monere
508 3919 534 3958 ,
555 3861 632 3938 in
658 3860 926 3961 scriptis
957 3860 1250 3940 Macarii
1281 3857 1567 3956 reperiri
1595 3858 1815 3936 totius
1844 3857 2169 3968 Theologiae
2204 3850 2485 3959 ,Mysticae
2499 3847 2685 4021 I{ub-

2562 3968 2689 4024 an·
