3552 4592
794 115 1908 284 Cmscderationesspsciahores.
1977 197 2094 282 13.
2525 202 2687 294 715

150 306 431 407 fician'ae
452 321 549 382 (ν’
562 306 743 404 falfh
772 363 795 402 ,
847 310 967 408 qui
996 333 1187 384 nunc
1224 307 1687 384 correffiores
1714 311 1790 384 &
1833 309 2181 386 auffiores
2209 311 2528 390 secundis
2565 339 2692 388 cu·-

162 408 263 482 ris
294 405 647 505 prodeunt
682 431 847 480 cum
866 408 990 500 sua
1024 411 1380 504 defenfione.
1406 409 1501 480 .F
1508 428 1753 482 nerant
1806 408 2016 482 iidem
2057 413 2267 507 paulo
2305 413 2460 510 post
2507 411 2684 486 Edi-

164 505 439 580 tionem
464 505 759 604 primam
794 502 1057 604 Lipfiae
1082 503 1301 580 recufi
1328 557 1351 596 ‚
1402 505 1701 602 praefixa.
1725 504 2010 580 Clanss,
2041 509 2683 596 D..Th0mas11dis-

157 600 543 676 sertatione
564 603 651 675 de
679 600 873 675 libris
911 629 997 676 eo
1022 603 1233 700 usque
1263 629 1301 676 a
1331 628 1445 676 me
1479 605 1682 676 editis
1704 653 1729 693 ‚
1776 604 1856 676 in
1886 629 2024 702 qua
2043 604 2200 679 sane
2221 609 2529 682 multum
2558 608 2678 680 ille

158 701 368 776 aliter
400 721 611 799 atque
634 699 1028 774 Parrhasius
1051 711 1137 773 de
1164 699 1395 774 iisdem
1420 699 1681 796 judicat
1725 728 1741 772 ε
1801 705 2124 797 quamvis
2143 725 2378 779 autem
2395 707 2470 778 in
2497 731 2678 780 non-

150 799 376 872 nullis
414 797 929 894 philosophicis
957 797 1328 889 diffensum
1382 799 1673 872 testetur
1721 855 1744 889 ,
1815 823 1894 872 ea
1936 819 2168 882 tamen
2214 827 2372 899 quae
2425 805 2512 876 de
2563 825 2678 878 me

154 896 483 994 meisque
518 894 785 994 scriptis
813 897 883 968 in
913 893 1172 970 bonam
1202 915 1469 993 partem
1511 897 1693 970 dixit
1719 893 1880 968 talia
1904 892 2061 968 sunt
2088 955 2112 988 ,
2163 921 2246 972 ut
2282 899 2478 974 nulla
2515 925 2677 996 per-

154 996 407 1070 mittat
442 996 774 1068 modestia
808 993 911 1068 uti
950 1020 989 1067 a
1028 1017 1142 1067 me
1184 993 1439 1090 quovis
1481 994 1697 1066 modo
1742 989 2183 1087 referantur,
2237 998 2362 1069 nisi
2415 996 2466 1068 fi
2519 1021 2677 1070 tan-

154 1111 331 1168 tum
354 1091 607 1166 dixero
648 1148 671 1181 ‚
724 1091 992 1189 opponi
1026 1117 1104 1166 ea
1153 1114 1192 1161 e
1246 1093 1587 1164 diametro
1646 1087 2112 1166 Parrhafianae
2167 1093 2672 1168 maledicentia:

144 1189 257 1288 gie
293 1189 702 1264 hominibus
726 1213 855 1284 per
890 1214 967 1262 ea
1002 1213 1164 1287 quae
1192 1213 1233 1261 a
1268 1214 1380 1261 me
1418 1187 1770 1276 eduntur,
1819 1187 2056 1260 dedita
2083 1215 2294 1286 opera
2338 1190 2674 1266 seducen-

152 1285 267 1360 dis
302 1310 327 1375 3
380 1287 577 1384 quod
616 1286 775 1358 sane
805 1287 1039 1383 quivis
1067 1335 1091 1377 ‚
1140 1285 1258 1360 vel
1296 1309 1387 1358 ex
1416 1286 1597 1359 hisce
1632 1285 1719 1358 de
1766 1285 2185 1360 Eruditione
2215 1289 2426 1362 tertio
2467 1312 2672 1362 recu-

154 1379 483 1555 ·fisdlibris
508 1437 533 1474 ,
584 1405 827 1458 utrum
863 1407 1027 1460 vera
1054 1408 1141 1458 an
1170 1381 1333 1458 falsa
1362 1382 1655 1458 dicentis
1684 1379 1976 1458 censura
2011 1381 2094 1456 fit
2137 1441 2160 1476 ,
2214 1387 2398 1482 potis
2432 1386 2530 1459 est
2562 1387 2671 1460 di-

188 1505 237 1554 u
318 1506 493 1556 care.

136 1505 179 1582 J
254 1581 538 1651 Libellus
552 1578 629 1648 dc
652 1576 1037 1650 Educ-atione
1055 1574 1420 1650 Liberorum
1446 1633 1469 1668 ‚
1520 1601 1559 1649 a
1590 1600 1708 1650 me
1736 1575 1812 1651 in
1837 1577 2124 1652 modum
2147 1577 2488 1676 Epistolae
2511 1578 2674 1654 scri·
2745 1611 2834 1670 De
2851 1611 3068 1675 Educ„

153 1686 373 1774 ptu‘s‚
424 1699 504 1750 ac
534 1667 845 1772 primum
874 1699 1001 1770 per
1021 1675 1232 1750 aliurn
1269 1731 1297 1766 ,
1342 1673 1595 1748 deinde
1624 1697 1926 1772 perme,
1957 1676 2032 1750 Gt
2063 1677 2346 1772 quidem
2365 1677 2673 1771 austjor‚
2709 1689 3045 1752 tioneLihe-

9 1806 20 1816 ·
152 1773 451 1866 emissus
478 1773 609 1846 est.
708 1771 855 1844 Hic
886 1773 1068 1846 liber
1094 1821 1119 1862 ,
1170 1769 1300 1844 etfi
1336 1769 1623 1844 famosos
1652 1772 1832 1844 inter
1861 1771 2196 1866 quosdam
2231 1773 2672 1850 Ecclefiastas
2711 1785 2930 1827 rorum.

146 1869 411 1950 habuit
445 1863 899 1957 adversarios,
949 1871 1144 1968 quod
1176 1867 1599 1944 Germanice
1628 1893 1751 1965 per
1793 1867 2146 1942 Pastorem
2181 1869 2481 1966 probum
2508 1873 2675 1946 ede-

147 1989 365 2044 retur
387 1969 461 2044 &
490 1966 664 2040 alius
698 1964 1021 2040 Aueoris
1046 1965 1187 2040 effe
1214 1967 1618 2043 crederetur
1650 1987 1962 2062 quorum
1987 1967 2093 2039 illi
2123 1987 2506 2064 utrumque
2527 1993 2675 2043 nen

150 2089 384 2166 parvo
416 2062 1027 2163 prosequebantur
1062 2063 1229 2138 odio
1270 2094 1295 2148 5
1348 2063 1590 2138 nullus
1640 2079 1876 2136 tamen
1911 2087 1950 2136 e
1985 2063 2156 2138 meis
2207 2062 2396 2138 libris
2441 2064 2672 2163 plures

0 2154 43 2262 ἶ,
152 2163 437 2261 ubique
467 2162 725 2260 reperit
750 2159 1061 2238 fautores
1088 2180 1299 2258 atque
1335 2159 1830 2258 approbatores
1857 2207 1882 2247 ‚
1934 2161 2058 2257 qui
2092 2161 2302 2235 etiam
2329 2186 2492 2236 eum
2523 2188 2672 2239 non

150 2259 327 2361 pafli
380 2260 541 2335 sunt
590 2259 869 2343 Gallica
928 2278 1205 2335 tantum
1271 2258 1515 2359 lingua
1568 2257 1857 2331 exstare.
1967 2260 2194 2358 Supra
2255 2257 2520 2335 metior
2561 2283 2678 2334 re·-

150 2358 383 2433 cusus
413 2356 515 2433 est
550 2356 893 2433 ad’unfifis
924 2358 1211 2431 monitis
1244 2356 1318 2429 &
1352 2355 1914 2454 responfionibus
1955 2356 2044 2427 ad
2063 2356 2412 2453 objtfihita
2438 2358 2673 2434 neces·

152 2452 382 2550 fariis,
414 2458 488 2531 &
517 2456 593 2529 in
622 2383 964 2529 &ditione
997 2452 1257 2529 Latina
1281 2460 1551 2529 tantum
1584 2453 2170 2550 comparentibus.
2228 2455 2436 2527 Nihil
2480 2480 2670 2529 nunc

156 2556 258 2647 de
293 2577 380 2626 eo
408 2552 637 2627 dicam
669 2553 1025 2651 specialius
1060 2551 1187 2625 nifi
1218 2554 1424 2649 ⁴quod
1458 2578 1497 2625 a
1536 2549 1964 2623 Le&oribus
2002 2572 2242 2647 optem
2281 2547 2669 2642 observari,

146 2674 401 2727 utrum
440 2651 556 2725 vel
585 2650 699 2723 hic
730 2650 963 2725 saltem
989 2660 1187 2723 ar'tem
1209 2649 1554 2723 voluerim
1578 2672 1900 2723 exercere
1921 2648 2310 2745 finqsla'ciores
2337 2650 2492 2746 (qui
2527 2675 2670 2721 ma-

148 2752 351 2825 xime
378 2749 561 2822 inter
592 2748 888 2823 infantes
911 2746 1101 2831 sunt)
1142 2750 1469 2842 seducenda
1484 2773 1601 2849 per
1636 2748 2130 2844 ‘sparicualitatcs
2150 2750 2452 2817 ‘radet-alas
2480 2801 2504 2838 ‚
2556 2747 2662 2821 uti

150 2846 299 2922 fert
332 2844 623 2921 censura
650 2846 866 2919 nostri
901 2842 1266 2920 Parrha-fii.
1672 2906 1675 2911 .
2229 2894 2236 2901 -
2646 2894 2651 2905 -
2767 2912 2773 2919 ,

250 2946 341 3019 In
369 2940 599 3017 Libro
617 2992 643 3034 ‚
696 2948 1027 3041 Theologiae
1044 2944 1317 3041 pactficae
1352 2949 1611 3039 itemquae
1646 2938 2057 3044 Mysticaessc‘
2099 2937 2272 3031 hujus
2317 2942 2661 3009 Austorum
2697 2950 3031 3039 Theologiae

146 3044 317 3115 Idea
342 3040 595 3113 brevior
616 3094 653 3130 ,.
693 3041 818 3139 qui
856 3042 1117 3137 prodiit
1146 3063 1335 3113 anno
1368 3064 1393 3111 ι
1415 3062 1562 3135 702
1582 3092 1603 3125 ‚
1628 3041 1844 3107 Ideam
1879 3039 2210 3133 mologiae
2235 3036 2518 3132 Mysticae
2539 3064 2661 3133 ge·
2699 3029 2954 3115 Mysticae
2977 3073 2996 3100 ‚

142 3142 475 3228 neralem,
528 3161 658 3211 nec
702 3164 849 3213 non
882 3140 961 3213 &
996 3136 1337 3235 Epistolam
1384 3150 1462 3209 de
1504 3132 1878 3206 Aunoribus
1922 3130 2218 3235 Mysttcis
2243 3181 2268 3221 ‚
2322 3157 2451 3229 pro
2487 3133 2661 3207 meis
2692 3102 2917 3240 ἓξὲξ
2930 3112 3048 3176 ‘³¹³²‘

146 3234 472 3339 agnosco
509 3260 527 3308 ε
588 3232 841 3309 Latina
874 3234 1155 3331 quidem
1180 3230 1655 3330 interpretatio
1684 3254 1836 3305 mea
1855 3254 2002 3305 non
2023 3228 2124 3301 est
2151 3260 2176 3315 ς
2228 3253 2265 3300 a
2291 3254 2402 3303 me
2427 3252 2660 3331 tamen
2695 3256 2821 3315 idea
2847 3259 2977 3333 bre,

144 3335 529 3433 recognita
560 3332 663 3406 est
686 3336 768 3409 &
802 3332 1001 3409 auara
1020 3390 1047 3425 ‚
1096 3334 1175 3409 ὃ(
1202 3332 1328 3407 hac
1358 3326 1643 3429 quidem
1678 3327 1832 3402 vice
1863 3384 1888 3419 ,
1990 3346 2151 3400 rout
2184 3325 2384 3423 supra
2407 3328 2659 3401 iterum
2693 3336 2838 3395 vior.

156 3430 563 3531 comparuit
585 3488 608 3524 ,
650 3432 955 3530 amplior
986 3452 1201 3529 atque
1230 3425 1614 3505 cora-effior
1642 3425 1849 3499 edita.
2025 3437 2340 3520 tramque
2387 3424 2661 3502 Gallice

148 3528 563 3629 scripseram
590 3578 615 3619 ‚
666 3554 813 3627 quo
846 3531 1057 3603 etiam
1087 3527 1417 3601 idiomate
1454 3523 1865 3623 prodierunt
1886 3570 1913 3611 ,
1956 3522 2286 3623 Theolqgu
2327 3530 2662 3595 Germani.-

149 3656 237 3705 cae
276 3627 574 3702 editioni
608 3626 697 3701 de
722 3652 859 3722 qua
886 3624 1067 3702 infra
1093 3670 1117 3715 ,
1163 3621 1537 3723 adjunetae.
2164 3641 2168 3654 ·

258 3724 636 3801 Haecenus
664 3724 841 3799 iibri
874 3724 949 3798 in
986 3721 1283 3797 solidum
1316 3721 1481 3795 mei.
1556 3719 1645 3793 In
1678 3714 2128 3815 sequentibus
2157 3714 2524 3805 mensum,
2562 3714 2659 3801 la,-
2721 3731 2868 3791 Libri
2889 3734 3034 3793 112⁰·-

118 3822 299 3901 -bor
314 3822 645 3901 editionis
676 3882 699 3915 ,
750 3822 1099 3897 interdum
1123 3814 1717 3918 interpretationis
1738 3864 1766 3905 ‚
1819 3811 2258 3913 praefationes
2281 3814 2658 3911 pleraeque,
2691 3828 2862 3941 ’φρ
2891 3830 2968 3869 m

152 3918 575 4000 acceffiones
600 3922 813 3999 etiam
840 3919 1095 4019 aliqua:
1112 3976 1137 4015 ,
1156 3918 1229 3995 ὅ(
1252 3916 1305 4001 fi
1333 3941 1492 4017 quae
1522 3912 1790 3994 notulae
1809 3912 1920 3989 vel
1943 3910 2308 3990 summaria
2325 3909 2660 4080 capEum.
2691 3903 2720 3941 ‘
2753 3901 2836 3945 “¹⁶

1315 4039 1365 4094 x
1393 4038 1445 4089 x
1464 4037 1514 4087 x
1537 4036 1588 4087 x
1639 4036 1689 4085 2
2519 4024 2659 4081 nev-
