3552 4592
801 145 971 258 778·
1030 227 1037 234 ,
1379 153 1385 160 ·
1546 130 1643 218 In
1684 128 2096 247 Cenficram
2131 101 2584 257 Parrh'asstss‘

812 289 1037 364 &rina
1070 286 1167 360 D.
1195 281 1457 361 Clerici
1486 283 1558 358 &
1595 283 1945 361 Doctrina
1981 280 2524 364 socinianorum
2565 335 2590 372 ,
2639 263 3128 358 conveniant?
3187 305 3344 384 qua

818 413 990 463 vero
1026 387 1099 458 in
1136 408 1208 456 re
1250 403 1333 456 ut
1357 383 1507 478 quis
1534 381 1741 479 poffit
1774 383 1882 456 vel
1913 381 2096 454 testis
2128 403 2275 453 non
2305 375 2780 474 reprobandus
2801 379 2912 453 vel
2925 381 3150 477 judex
3173 383 3340 456 ido-

676 491 679 494 ’
821 509 992 556 neus
1016 482 1191 573 effe,
1244 480 1495 554 sufficit
1513 502 1597 554 ut
1619 479 1820 578 poffit
1847 479 2021 552 scire
2057 477 2560 574 ac.intclligere
2591 476 2760 573 quid
2791 477 3094 552 doceant
3133 479 3349 554 Soci-

824 581 1011 656 niani
1042 635 1065 669 ‚
1169 576 1287 649 uid
1308 577 1653 676 scripserit
1674 581 1774 655 D.
1807 577 2196 668 Clericus,
2219 574 2612 669 statumque
2649 575 3059 670 quaestionis
3085 577 3174 652 de
3207 602 3352 651 eo-

824 701 985 752 rum
1018 602 1337 750 dogtrina
1372 675 1673 749 formare
1699 695 1910 770 queat
1949 733 1971 766 ,
2039 693 2188 746 tum
2235 672 2618 762 iudicare„
2645 693 2882 745 utrum
2919 673 3112 746 idem
3143 700 3364 774 quae-

828 774 1067 850 stionis
1091 775 1303 846 status
1327 821 1354 861 ,
1402 797 1487 846 an
1529 771 1894 872 oppositus
1919 829 1941 862 ,
1989 769 2070 844 fit
2101 770 2172 842 in
2204 789 2500 866 utraque
2527 790 2738 864 parte.
2790 768 2831 841 ἒι
2863 793 3014 866 quo
3053 772 3343 867 judicio

828 893 1061 970 aperte
1100 869 1355 944 falsum
1394 869 1493 942 est
1531 873 1838 968 aliquem
1869 866 2245 966 ‘prohiberi
2296 885 2668 962 propterea
2713 870 2910 963 quod
2963 871 3341 966 proprium

826 967 1179 1068 quoddam
1230 967 1679 1064 profiteretur
1730 967 2049 1066 Systema
2079 988 2224 1061 quo
2267 961 2616 1036 Doctrina
2643 963 2764 1036 illa
2787 984 3120 1062 tanquam
3163 965 3344 1042 falsa

832 1067 1415 1141 condemnaretur
1457 1092 1473 1137 :
1535 1088 1767 1162 neque
1814 1064 2002 1137 enim
2041 1062 2126 1134 de
2158 1061 2306 1158 ejus
2341 1059 2625 1133 falfitate
2655 1081 2778 1134 aut
2809 1066 3104 1136 veritate
3141 1089 3338 1138 nunc

831 1165 1065 1262 agitur
1100 1189 1121 1250 3
1174 1159 1288 1233 sed
1324 1163 1413 1234 de
1443 1164 1589 1255 eju's
1625 1162 1993 1234 identitate
2031 1159 2148 1232 vel
2169 1157 2616 1248 disparilitate
2645 1215 2668 1250 ‚
2722 1159 2924 1256 cujus
2954 1185 3130 1234 vero
3151 1160 3344 1236 affir-
3416 1243 3425 1250 ,

832 1261 1110 1334 manda:
1138 1259 1255 1332 vel
1288 1259 1626 1357 negandae
1658 1260 2085 1355 relinquitur
2114 1254 2498 1352 unicuique
2535 1279 2659 1350 per
2703 1254 3072 1353 systemata
3101 1259 3352 1333 omnia

831 1356 1113 1432 libertas
1145 1357 1547 1452 ampliflima
1573 1413 1596 1447 ,
1648 1356 2042 1449 nulliusque
2118 1377 2304 1426 oenae
2339 1356 2592 1425 timore
2629 1355 2952 1428 coercita.

927 1451 1365 1526 Proferamus
1394 1451 1798 1549 exemplum
1821 1501 1846 1542 ,
1897 1451 2009 1524 vel
2067 1452 2258 1522 imile
2293 1448 2602 1546 aliquod.
2661 1452 3023 1528 Ponamus
3045 1451 3384 1527 Dochi--

836 1575 999 1630 nam
1038 1575 1109 1622 v.
1146 1574 1218 1647 g.
1270 1548 1593 1622 Arianatn
1638 1573 1778 1643 per⁸
1800 1550 2036 1621 omnia
2073 1545 2640 1622 Christianorum
2673 1548 3056 1644 Systemata'
3091 1569 3178 1622 ut
3211 1548 3364 1624 fal-

834 1645 969 1720 sam
996 1644 1357 1735 damnari,
1406 1645 1545 1738 (uti
1575 1668 1687 1718 res
1713 1645 1920 1718 habet
1943 1648 2002 1736 ,)
2053 1664 2264 1740 atque
2293 1646 2498 1719 etiam
2523 1695 2545 1728 ,
2595 1641 2646 1714 fi
2668 1646 2768 1716 vis
2803 1701 2826 1734 ‚
2863 1647 3134 1720 nemini
3159 1647 3356 1721 libe-

838 1767 1002 1818 rum.
1033 1741 1169 1816 esse
1216 1765 1369 1814 eam
1408 1742 2090 1827 noncondemnare.
2165 1743 2304 1814 hoc
2347 1737 2670 1836 profesto
2715 1739 3007 1816 minime
3043 1743 3360 1840 impedit

840 1839 1324 1938 quominus&
1354 1839 1523 1913 olim
1554 1836 1770 1912 ftierit
1802 1840 1886 1912 ὃο
1913 1859 2104 1912 nunc
2139 1832 2482 1910 &adhuc
2509 1834 2892 1932 pleniffima
2925 1838 3208 1914 libertas
3217 1842 3358 1938 ju-

841 1937 1119 2012 dicandi
1170 1955 1413 2010 utrum
1466 1933 1834 2009 Do&rinae
1875 1959 2010 2024 ,.ν.
2060 1958 2129 2032 g.
2191 1933 2472 2007 Euseb'ii
2503 1933 3366 2015 Caesaricnfisconvenitt

842 2058 1071 2108 necne
1100 2057 1266 2116 cum
1300 2032 1647 2106 Docffrina
1667 2033 1974 2106 Ariana:
2032 2030 2488 2129 videmusque
2525 2054 2602 2104 re
2627 2031 2771 2128 ipsa
2793 2034 3370 2110 inter-Christia-

844 2155 979 2204 nos
1002 2133 1125 2228 qui
1154 2129 1633 2203 Arianismum-
1661 2129 2072 2202 unanimiter
2116 2127 2486 2225 rejiciunt,
2535 2128 2829 2226 hujusce
2869 2128 3210 2207 libertatis
3245 2132 3360 2208 sa·

844 2227 1054 2303 &um
1078 2227 1215 2303 effe
1251 2226 1423 2301 olim
1451 2229 1525 2301 &
1546 2226 1776 2300 adhuc
1817 2224 1972 2301 fieri
2009 2222 2153 2299 fine
2188 2225 2335 2299 ullo
2363 2245 2560 2299 metu
2593 2222 3086 2325 apertissimum
3133 2229 3362 2309 usum

842 2348 924 2399 ac
958 2324 1379 2401 exercitium
1412 2380 1435 2416 ,
1490 2324 1769 2421 quando
1797 2344 2050 2421 nempe
2079 2323 2352 2399 &olim
2382 2324 2778 2399 'udicarunt
2805 2326 2880 2399 δί
2899 2327 3130 2401 adhuc
3143 2328 3366 2427 judi-

841 2444 1000 2497 cant
1036 2422 1556 2506 liberrime,alii
1646 2420 1882 2497 uidem
1900 2420 2186 2495 Eusebii
2207 2420 2324 2493 Do
2405 2421 2628 2495 tinam
2657 2422 2793 2496 effe
2817 2422 3140 2501 Arianam
3165 2484 3188 2517 ,
3231 2428 3369 2501 alii

847 2544 997 2593 non
1027 2520 1183 2594 effe.
1206 2544 1377 2629 qua
1397 2544 1569 2594 vero
1598 2519 1619 2592 i
1676 2545 1769 2593 re
1805 2515 1866 2590 fi
1885 2541 2127 2615 omnes
2152 2576 2193 2610 ,,
2228 2518 2342 2593 vel
2378 2515 2429 2590 fi
2456 2518 2764 2593 maxima
2797 2544 2958 2632 pars-
2985 2522 3366 2599 consenti-

848 2636 1049 2705 rent,
1103 2636 1355 2690 merito
1392 2615 1547 2689 sane
1589 2616 1707 2691 ille
1768 2614 1882 2689 vel
1923 2616 2013 2688 de
2051 2638 2281 2689 errore
2331 2613 2675 2712 suspeQus
2717 2618 2888 2691 esset
2937 2618 3304 2697 habendus
3321 2672 3394 2713 ‚..

728 2772 735 2779 .
848 2714 967 2786 vel
1002 2714 1154 2810 ejus
1183 2713 1563 2799 innocens,
1613 2736 1743 2809 pro
1766 2710 2583 2811 judicantiumsententia
2622 2766 2645 2802 ,
2699 2712 2916 2789 modo
2968 2716 3101 2813 ipfi-
3131 2743 3208 2792 m
3237 2719 3358 2793 es·-

850 2809 1006 2882 sent
1036 2811 1413 2907 capacitate
1448 2807 1761 2883 instruffi
1815 2832 1955 2905 qua
1990 2806 2356 2882 Doarinae
2395 2811 2676 2885 Arianae
2714 2808 2934 2884 ideam
2965 2812 3302 2889 haberent
3329 2843 3362 2906 ;

848 2926 1002 2978 tum
1046 2906 1619 2992 Eusebiiverba,
1670 2932 1750 2979 ac
1785 2903 2307 2995 flammeorum„
2361 2903 2410 2977 fi
2441 2930 2604 3003 quae
2637 2906 2780 2980 illic
2807 2908 3094 3002 eistat„
3219 2912 3396 2987 ui·-

849 3006 1254 3115 vocationes
1276 3003 1771 3103 intelligerent.
1828 3004 2162 3079 Similiter
2183 3026 2391 3077 nunc.
2402 3002 2616 3079 habet
2643 3006 2708 3079 se
2735 3030 2839 3079 res
2857 3030 3031 3081 cum
3051 3008 3146 3083 D.
3323 3054 3368 3073 -

848 3124 1027 3175 nco.

943 3198 1315 3294 Quaeritur
1342 3216 1581 3271 utrum
1609 3199 1760 3295 ejus
1801 3196 2191 3287 Doctrina,
2227 3195 2514 3271 inlibris
2537 3196 2740 3295 ipfius
2765 3197 3004 3294 passim
3031 3200 3364 3279 differui-

850 3316 1011 3371 nata
1034 3350 1053 3381 ‚
1102 3295 1350 3371 eadem
1382 3294 1465 3367 fit
1492 3316 1713 3393 atque
1741 3295 2082 3368 Doctrina
2116 3294 2702 3387 socinianorum,
2731 3300 3006 3373 necne?
3065 3298 3381 3377 Absur-

850 3394 942 3465 de
975 3395 1055 3467 ὅτ
1084 3392 1225 3465 fine
1252 3394 1576 3489 aequitatc
1620 3394 1882 3467 recusat
1914 3391 2141 3465 bacin
2177 3416 2252 3463 re
2280 3391 2673 3467 Parrhasius
2698 3418 2948 3469 omnes
2984 3395 3102 3470 vel
3135 3398 3358 3474 testes

848 3490 967 3561 vel
992 3488 1265 3586 judices
1302 3491 1421 3585 qui
1456 3490 1767 3589 Systema
1805 3490 2180 3564 Sociniano
2213 3489 2577 3582 systemati
2607 3491 3034 3567 contrarium
3069 3494 3354 3590 ample-

786 3582 795 3591 ’
858 3582 1200 3671 &nutum
1234 3586 1369 3659 hoc
1398 3585 1731 3684 fiquidem
1760 3588 2048 3659 minime
2071 3586 2285 3659 tollat
2308 3586 3064 3683 libertatem-iudicandi
3091 3612 3350 3668 utrum

847 3680 1073 3781 aliqua
1109 3683 1455 3757 Doctrina
1477 3683 1559 3757 fit
1582 3684 1946 3757 Sociniana
1971 3703 2090 3757 aut
2119 3684 2344 3757 secus.:
2373 3682 2766 3793 poffintque
2784 3710 3028 3763 omnes
3051 3686 3174 3762 hic
3203 3688 3352 3764 efl'e

846 3780 1145 3876 legitimi
1170 3784 1435 3873 judices
1464 3781 1677 3854 modo
1714 3783 1948 3855 haecce
1977 3780 2122 3855 duo
2153 3781 2450 3855 habeant
2477 3780 2830 3880 requifita,
2863 3782 3356 3862 LidoemDo-

846 3875 1098 3953 &tinae
1119 3877 1653 3953 Socinianorum
1690 3877 1993 3955 habeant
2023 3905 2046 3971 3
2095 3878 2203 3955 Π.
2238 3876 2546 3979 legerint
2563 3902 2736 3955 cum
2757 3880 2952 3959 sensu
2971 3883 3358 3960 communi

3267 4006 3364 4059 α
3548 4019 3552 4091 i
