3552 4592
817 132 1458 249 Constderationes
1472 138 1950 257 specialiores.
2016 172 2137 257 352.
2579 180 2735 273 779

225 312 312 363 aa
341 310 502 387 quae
539 282 825 385 publica
860 284 1028 361 fecit
1060 289 1164 363 D.
1203 285 1536 362 Clericus.
1590 288 2045 387 Requifitum
2076 300 2347 397 primum
2376 295 2739 375 habebunt

225 383 280 459 fi
318 384 835 484 cognoverint,
896 410 954 457 1.
979 385 1461 461 Socinianismi
1485 412 1791 483 primum
1817 414 1896 462 ac
1924 414 2146 464 unum
2172 390 2731 487 fundamentum,

216 504 676 581 erroremque
712 481 1076 579 capitalem
1106 542 1130 577 ,
1182 484 1314 557 esse
1355 485 1935 583 Pelagianilinum
1966 545 1987 579 ,
2041 489 2179 562 hoc
2216 491 2360 581 est,
2415 498 2729 593 negatio-

223 604 390 654 nem
429 601 582 654 tum
613 580 1084 677 corruptionis
1113 582 1366 655 nostrae
1401 582 1776 678 morbique
1813 584 2031 661 letalis
2062 612 2085 673 ς
2138 608 2291 661 tum
2331 590 2540 687 ipsius
2580 592 2729 666 tne-

219 676 520 770 dicinae,
569 677 816 776 gratiae
853 677 1116 752 scilicet
1149 679 1292 753 Dei
1331 732 1351 765 ,
1377 679 1573 753 iutra
1609 705 1740 752 nos
1763 680 2093 755 effusione
2124 683 2403 760 luminis
2432 692 2505 763 ὃς
2530 714 2727 761 arno-

223 775 320 849 ris
355 774 459 851 sui
488 800 668 871 opus
698 774 1158 849 restitutionis
1201 800 1283 849 ac
1321 776 1554 849 salutis
1592 776 1846 851 nostrae
1878 778 2268 858 efficientis.
2368 808 2436 857 2.
2489 788 2726 861 Mem-

77 898 100 921 ·
219 869 440 945 hrum
475 871 614 945 five
651 894 922 945 ramum
951 874 1150 947 tnaJae
1187 873 1390 971 hujus
1428 872 1672 947 radicis
1710 878 2142 972 praecipuum
2178 879 2317 952 ess'e
2340 929 2362 971 ,
2414 882 2770 957 alienam-⁸

217 966 602 1057 Rationis,
654 960 968 1068 (ejusque
1001 992 1344 1067 corruptae
1375 995 1454 1044 ac
1491 995 1712 1045 eoecae
1746 1028 1770 1064 ,
1832 972 2133 1047 necdum
2164 978 2395 1075 gratia
2433 980 2568 1053 Dei
2608 982 2727 1053 ad-

217 1065 365 1140 huc
397 1064 744 1139 restitutae
767 1068 834 1155 ‚)
887 1070 1277 1163 potentiam
1312 1125 1336 1158 ‚
1387 1066 1458 1140 &
1483 1068 1768 1166 quidem
1806 1092 2145 1167 quantum
2168 1074 2253 1145 ad
2278 1075 2539 1166 divina,
2564 1102 2722 1175 quae

217 1162 389 1237 ideis
436 1162 554 1235 illa
591 1162 730 1236 suis
777 1162 1262 1261 superficiariis
1313 1166 1390 1241 &
1419 1163 2021 1260 imperfeeciffimis
2065 1166 2189 1241 fibi
2238 1173 2720 1268 repraesentare

217 1260 420 1347 vult,
470 1258 730 1358 suoque
750 1262 1049 1333 examini
1078 1287 1158 1336 ac
1176 1260 1447 1359 judicio
1485 1260 1819 1351 (tenebris
1847 1264 2008 1337 licet
2036 1270 2524 1362 atqueamoris
2552 1298 2718 1366 prov-

214 1358 356 1453 prii
380 1354 534 1429 tabe
559 1364 918 1451 corrupto)
952 1356 1291 1456 subjicere
1321 1382 1488 1433 cum
1519 1360 1849 1433 omnibus
1876 1361 2275 1459 Religionis
2299 1366 2714 1443 Christianae

203 1452 566 1551 mysteriis
593 1508 614 1545 ‚
647 1452 1078 1551 ipsarumque
1101 1458 1232 1532 SS.
1261 1457 1776 1553 Scripturarum
1802 1460 2375 1555 interpretatione
2394 1488 2475 1536 ac
2498 1464 2711 1538 sensu.

281 1604 298 1619 .
319 1552 519 1625 Hinc
549 1551 768 1625 fluere
788 1550 1006 1626 veluti
1039 1554 1333 1627 totidem
1360 1553 1722 1626 corollaria
1737 1555 1845 1626 vel
1866 1555 2391 1653 consequentias
2417 1562 2751 1658 partim--

243 1671 392 1722 ares
423 1704 446 1739 ‚
497 1654 670 1735 (non
699 1648 921 1723 veluti
947 1650 1048 1721 rei
1075 1656 1322 1748 caput)
1374 1648 1823 1747 rejeffionem
1864 1662 2102 1726 eorum
2135 1678 2293 1751 quae
2330 1657 2554 1729 Ratio
2590 1659 2715 1732 ista

217 1768 420 1817 coeca
447 1764 516 1818 at
566 1769 652 1817 ue
685 1766 1018 1843 corrupta
1043 1770 1184 1819 non
1218 1746 1406 1845 capit
1445 1746 1951 1842 Mysteri‘orum
1985 1797 2009 1836 ,
2060 1772 2123 1821 v,
2162 1772 2232 1847 g.
2287 1752 2335 1823 S
2360 1752 2430 1825 S.
2466 1756 2717 1827 Trini-

207 1843 380 1916 tatis
415 1896 440 1934 ,
491 1885 500 1893 -
575 1842 814 1915 citatis
840 1843 1006 1935 Jesu
1037 1844 1321 1917 -Christi
1354 1901 1377 1933 ‚
1429 1836 1917 1917 incarnationis
1958 1844 2192 1918 ‘Verbi
2229 1903 2251 1936 ‚
2306 1848 2714 1926 Divinitatis

213 1938 384 2013 item
410 1938 708 2037 Spiritfis
739 1941 810 2014 S.
862 1939 1152 2036 ejusque
1181 1939 1698 2015 inhabitationis
1729 1940 1803 2013 &
1828 1942 2309 2035 operationum
2346 1945 2421 2017 in
2448 1947 2713 2020 intimis

215 2035 661 2110 nostris.&c.
715 2058 793 2133 4·-
814 2036 1543 2135 AEquivocationibus
1577 2036 1785 2109 etiam
1824 2037 2035 2111 licere
2066 2040 2183 2112 hic
2208 2040 2360 2132 uti,
2394 2041 2529 2115 hoc
2566 2044 2665 2116 est
2689 2102 2712 2137 ‚

211 2134 448 2233 verbis
483 2131 746 2231 quibus
779 2134 994 2207 alium
1021 2135 1192 2209 dent
1219 2132 1488 2209 sensum
1521 2133 1734 2231 quam
1773 2134 1899 2231 qui
1922 2135 2325 2210 ordinarius
2363 2137 2497 2211 est:
2540 2165 2613 2213 v.
2633 2164 2709 2237 g.

213 2226 284 2329 ἵ.
327 2234 634 2323 Chrtstum
659 2232 762 2324 effi
781 2236 988 2303 Deum
1015 2258 1276 2325 verum,
1329 2232 1469 2307 hoc
1489 2232 1589 2306 est
1605 2284 1627 2319 ,
1651 2256 1813 2304 vere
1844 2228 2107 2306 fastum
2128 2234 2206 2309 &
2229 2234 2716 2312 constitutum.

211 2334 293 2400 In
329 2355 394 2399 eo
433 2331 536 2420 effe
573 2353 856 2400 aternam
885 2320 1320 2403 Distnitatem
1356 2389 1380 2422 ‚
1421 2329 1578 2404 'imo
1602 2378 1633 2417 ‚
1679 2328 1919 2418 Chr-asti
1954 2355 2254 2405 aternam
2288 2337 2717 2406 Divinitatem

205 2429 508 2518 creaviffe
543 2425 830 2498 mundum
855 2424 995 2498 &e
1053 2427 1190 2500 hoc
1209 2427 1347 2514 est,
1363 2428 1406 2522 J
1418 2425 1724 2502 :Chi-isti
1760 2447 2071 2500 naturam
2092 2451 2172 2498 ac
2200 2428 2547 2503 effcntiam
2580 2429 2713 2505 effe

202 2520 494 2619 quidem
541 2542 930 2596 creaturam
965 2547 1228 2597 meram
1263 2555 1286 2608 3
1341 2546 1412 2597 at
1460 2523 1573 2595 isti
1607 2542 1937 2596 creaturae
1972 2521 2308 2597 acceffiffe
2340 2527 2561 2600 veluti
2590 2529 2710 2601 ad-

209 2617 532 2712 iuuetum
575 2619 869 2718 aliquod
909 2641 1276 2696 externum
1327 2620 1793 2694 Divinitatem
1852 2621 2077 2693 Patris
2108 2641 2439 2696 aeternam
2471 2673 2494 2713 ,
2548 2649 2709 2721 qtae

205 2717 430 2790 Patris
466 2717 819 2792 Divinitas
859 2717 1068 2814 poffit
1098 2720 1244 2815 jam
1285 2737 1654 2815 propterea
1677 2717 1811 2788 dici
1840 2717 2193 2790 Divinitas
2208 2719 2478 2792 Christi
2502 2744 2709 2794 aeter·

215 2835 301 2886 na
325 2872 348 2905 ,
405 2837 568 2911 qua:
595 2837 774 2912 ergo
819 2817 1080 2888 creavit
1119 2813 1503 2901 mundum,
1555 2838 1634 2887 ac
1671 2815 1758 2886 de
1800 2837 1937 2909 qua
1977 2815 2249 2887 Divina
2286 2818 2523 2891 omnia
2577 2816 2711 2891 fint

265 2933 496 3008 uoque
522 2910 1000 3007 praedicanda,
1033 2914 1186 3005 &ct
1227 2914 1308 2986 δε
1339 2909 1390 2983 fi
1427 2936 1586 3008 quae
1613 2909 1748 2986 fint
1783 2909 2033 2984 ssmiles
2067 2912 2361 2984 astutiae.
2426 2916 2707 3010 Requi-

237 3029 416 3081 1tum
458 3015 720 3080 alterum
777 3007 1138 3080 habebunt
1204 3007 1258 3079 fi
1311 3009 1410 3080 D:
1449 3008 1710 3080 Clerici
1749 3006 1973 3079 &libros
2017 3009 2439 3105 perlegerint
2473 3069 2495 3102 ,
2546 3033 2701 3084 tum

209 3105 388 3201 quos
423 3101 726 3178 recenset
765 3103 1156 3179 Parrhasius
1185 3104 1419 3177 noster
1443 3153 1476 3193 2
1527 3125 1678 3176 tum
1708 3103 1991 3176 orniss'os
2020 3105 2103 3176 ab
2140 3131 2269 3194 eo,
2326 3105 2701 3181 Liberium

261 3201 559 3296 raecipue
585 3257 608 3292 ‚
661 3202 746 3274 de
829 3226 920 3275 uo
956 3199 1160 3298 supra
1179 3201 1270 3286 (a)
1295 3253 1316 3286 ‚
1365 3203 1440 3276 &
1483 3202 1674 3296 cujus
1707 3225 1862 3295 pars
1898 3203 2246 3297 praecipua
2278 3201 2352 3274 in
2392 3225 2586 3278 notas
2614 3206 2699 3278 ad
2776 3233 2849 3308 (ὁ)
2874 3236 3037 3296 Ceut:

205 3225 510 3372 {lovum
541 3297 742 3371 Test.
867 3297 1146 3370 allicum
1181 3295 1280 3370 cst
1307 3299 1620 3372 transsata
1653 3302 1812 3380 ,ne
1852 3295 1967 3368 hic
2006 3321 2389 3371 memorem
2430 3326 2699 3400 anony-
2741 3316 3007 3388 Spec.1·2.

207 3415 362 3468 mos
389 3417 690 3489 quorum
722 3413 1078 3490 parentem
1115 3419 1277 3468 eum
1320 3392 1446 3466 effe
1477 3391 1656 3467 fama
1683 3392 1785 3465 est
1805 3451 1825 3482 ,
1888 3389 2094 3488 ipfius
2119 3393 2462 3470 scribendi
2486 3402 2702 3496 genio
2733 3409 2969 3470 fag-71
2990 3410 3038 3447 ¹*

210 3489 626 3565 confirmata
671 3549 694 3584 ‚
747 3493 820 3563 in
845 3491 1100 3583 quibus
1138 3513 1306 3564 vero
1347 3489 1474 3563 sub
1505 3486 1911 3563 Platonismi
1950 3493 2235 3563 nomine
2283 3493 2704 3594 impugnan-

211 3609 330 3663 tur
351 3586 760 3662 Orthodoxi
787 3645 811 3680 ‚
861 3587 982 3661 sub
1013 3588 1638 3686 Scriptum-iorum
1665 3583 2317 3684 ''Unita'riorumque
2336 3592 2555 3665 titulis
2574 3594 2705 3666 So-

209 3675 462 3760 cinia'ni
488 3683 976 3760 defenduntur.
1032 3685 1168 3758 Sed
1193 3685 1306 3756 vel
1345 3683 1532 3756 hisce
1561 3680 1767 3755 miffis
1794 3739 1815 3773 ,
1859 3681 1915 3754 fi
1954 3708 1991 3756 e
2031 3683 2344 3780 priorum
2380 3687 2703 3778 leEtione,

206 3780 728 3881 innumerisque
758 3783 1042 3856 illorum
1074 3783 1246 3854 locis
1297 3787 1500 3878 (quae
1538 3803 1730 3854 nunc
1767 3775 2019 3852 referre
2056 3781 2168 3854 vel
2209 3803 2451 3856 notare
2492 3785 2699 3881 hujus

199 3876 502 3952 instituti
531 3899 678 3952 non
711 3879 891 3970 est,)
914 3877 1384 3977 judicaverint
1403 3875 1743 3950 Lea-ores
1771 3899 2064 3974 quarum
2075 3893 2357 3977 cujnque
2392 3902 2697 3976 partium

219 4008 230 4023 ·
485 4016 496 4031 ·
1367 3973 1455 4048 ff
1469 3973 1512 4047 f
1545 3971 1636 4047 ff
1675 3995 1727 4046 2
1894 4059 1907 4067 ‚
2404 3979 2698 4054 ucle-
