3552 4592
552 119 923 237 Responsio
958 122 1062 213 ad
1104 121 1507 237 Cenficram
1529 124 1790 212 Amici
1826 106 2178 241 Consiliis
2463 156 2558 239 41
2575 160 2620 244 γ

147 268 229 345 tis
258 266 335 343 in
368 264 573 341 nobis
622 264 782 365 (qui
804 270 877 343 in
900 294 977 343 ea
1005 268 1265 351 fuimus
1291 271 1531 359 creati)
1578 272 1816 345 vivide
1843 288 2352 370 promoveant,
2403 272 2631 346 donec

148 368 263 442 85.
292 365 615 439 Trinitas
644 364 855 462 seipsa
889 367 992 439 uti
1018 369 1091 439 in
1118 367 1183 441 se
1208 368 1309 444 est
1335 425 1359 461 ,
1411 368 1463 441 fi
1502 393 1648 443 non
1681 369 1799 443 hic
1825 427 1849 461 ,
1881 370 1956 443 in
1987 370 2197 444 altera
2227 388 2457 443 tamen
2481 370 2626 445 vita

152 467 411 560 plenius
440 458 855 535 manifestet.
2208 514 2210 521 ·
2568 546 2576 551 ,

230 584 305 657 4.
336 561 495 633 Nos
518 559 797 632 credere
828 560 871 653 J
892 585 939 632 E
958 584 1053 635 su
1072 584 1129 635 Μ
1165 562 1234 637 C
1251 587 1307 637 H
1325 586 1379 635 n
1398 588 1423 635 1
1444 587 1473 635 s
1493 587 1605 635 ru
1625 586 1681 635 M
1722 562 1858 637 effe
1884 585 2120 637 verum
2150 546 2623 637 Deum’aeter-
2688 590 2746 639 4.
2764 570 3013 648 christum

154 678 309 731 num
336 678 551 753 atque
586 654 981 731 altiffimum
1034 660 1109 731 &
1140 683 1377 733 verum
1406 659 1794 733 Hominem
1823 707 1849 749 ,
1899 660 2334 733 salvatorem
2361 683 2440 733 ac
2473 661 2624 733 Re·
2660 654 2991 726 0⁸⁴“evffl

156 754 529 827 demtorem
582 754 897 845 Mundi,
950 756 1419 829 Mediatorem
1454 757 1638 836 inter
1680 757 1918 832 Deum
1954 758 2029 835 δε
2065 757 2380 829 homines
2421 812 2444 847 ,
2498 753 2623 852 qui
2663 732 2980 866 Z'v‘ssfr‘m

156 874 269 947 per
292 849 537 923 merita
558 846 673 923 sua
698 898 727 937 ,
776 857 898 947 per
920 848 1451 926 satisfactionem
1480 851 1664 923 suam
1695 910 1719 942 ,
1739 875 1866 949 per
1887 852 2214 945 justitiam
2233 851 2422 925 suam
2442 908 2464 943 ,
2502 876 2627 947 per
2739 827 2802 864 ’ω
2863 846 2878 863 ’

156 947 360 1021 vitam
388 1003 413 1035 ,
464 967 763 1020 mortem
802 1002 829 1035 ,
887 946 1257 1043 gloriosam
1311 946 1916 1021 Resurreffionetn
1949 996 1976 1037 ,
2043 972 2172 1045 per
2205 948 2626 1029 Dominium

164 1042 625 1143 Omnipotens
650 1044 727 1115 in
756 1043 955 1115 coelis
978 1064 1187 1142 atque
1216 1070 1339 1144 per
1370 1046 1808 1141 operationes
1840 1043 2134 1140 Spiritus
2171 1042 2269 1117 sui
2311 1100 2335 1135 ,
2385 1049 2627 1115 Auffor

156 1142 357 1235 salum
376 1144 467 1211 eft
492 1140 761 1211 omm‘bus
795 1139 917 1237 qui
946 1140 1010 1213 se
1036 1141 1311 1237 suasque
1332 1163 1577 1214 omnes
1609 1139 1976 1215 facultates
2001 1141 2062 1212 ei
2097 1138 2184 1213 ad
2217 1141 2364 1237 ejus
2401 1140 2624 1213 virtu-

170 1258 295 1311 tem
321 1235 781 1332 recipiendam
816 1233 1166 1335 resignant
1199 1294 1223 1329 ,
1272 1236 1476 1335 seque
1508 1236 1593 1308 ad
1633 1237 1779 1331 ejus
1805 1235 2263 1309 imitationem
2315 1238 2389 1309 &
2425 1233 2623 1309 obse-

168 1334 391 1431 quium
423 1356 585 1405 vera
616 1330 763 1405 fide
788 1332 1075 1407 tradunt
1095 1382 1122 1423 ,
1178 1332 1359 1422 five,
1408 1354 1493 1409 ut
1514 1357 1675 1408 cum
1703 1332 2046 1429 Apostolo
2079 1332 2329 1430 loquar
2353 1388 2378 1425 ‚
2427 1338 2620 1405 omni-

168 1434 263 1501 bus
294 1436 395 1525 qui
412 1430 519 1527 ipfi
543 1428 855 1503 obediunt,
902 1430 1103 1503 Heb.
1124 1452 1209 1526 5:
1250 1458 1324 1527 9.

248 1548 317 1621 5.
368 1525 533 1599 Nos
582 1524 879 1623 gloriam
925 1528 1149 1601 omnis
1188 1526 1361 1601 boni
1410 1525 1788 1601 adscribere
1823 1524 1944 1602 soli
1983 1522 2254 1599 Gratioe
2304 1523 2495 1616 Dei,
2549 1522 2620 1596 id
2665 1549 3009 1626 ·5·5⁰²⁸'gr⁴·

171 1620 373 1717 ipsum
410 1622 483 1695 in
524 1622 731 1693 nobis
766 1623 1113 1719 operantis
1146 1648 1269 1719 per
1298 1623 1489 1698 actus
1526 1624 1842 1699 internos
1874 1624 2168 1719 Spiritus
2203 1620 2308 1700 sui
2339 1620 2509 1695 boni
2542 1645 2622 1695 ac
2661 1631 2746 1681 τίκ
2776 1629 2879 1683 Dei

172 1716 427 1795 saneti:
481 1717 743 1791 malurn
784 1716 1017 1793 aut'em
1050 1744 1259 1807 omne
1290 1718 1415 1795 soli
1444 1723 1669 1816 culpae
1692 1742 1844 1793 tum
1881 1717 2230 1809 Diaboli,
2282 1740 2434 1793 turn
2490 1719 2620 1791 ho·
2661 1702 3008 1833 ’ἪὟΜΜ

176 1814 367 1905 mini5
388 1864 413 1903 ,
562 1817 586 1887 i
612 1814 834 1889 homo
858 1838 945 1889 ex
981 1813 1050 1888 se
1079 1814 1226 1913 ipso
1260 1872 1284 1907 ,
1349 1815 1489 1889 fine
1525 1824 1757 1889 Gratia
1787 1820 1926 1885 Dei
1959 1825 2202 1887 interna
2231 1868 2258 1904 ‚
2307 1816 2444 1888 hoc
2472 1815 2574 1889 est
2599 1870 2623 1905 ,
2661 1783 3012 1909 εαΐωῖῗε
3033 1856 3052 1875 ·

178 1909 305 1984 fine
320 1839 653 1985 effuiiiine
688 1906 765 1985 δε
800 1912 1201 2009 operatione
1228 1912 1511 1985 luminis
1541 1936 1621 1985 ac
1656 1910 1912 1985 amoris
1937 1909 2132 2001 Dei,
2180 1932 2326 1983 non
2350 1908 2476 1983 nisi
2517 1914 2623 1981 so·
2661 1932 2834 1985 »ninia
2859 1932 2967 1985 Deo

180 2006 313 2081 lum
334 2008 597 2081 malum
630 2006 909 2081 efficere
941 2008 1553 2106 valetsquoniam
1590 2028 1838 2095 natura
1884 2009 2082 2103 ejus,
2132 2004 2296 2079 inde
2344 2029 2383 2077 a
2437 2006 2623 2117 lapsu
2664 1990 2955 2081 Aufidena.

90 2154 97 2159 -
178 2103 405 2179 Adami
436 2160 461 2197 ,
510 2128 673 2177 vere
702 2104 805 2177 est
838 2102 1089 2199 fundus
1124 2103 1593 2217 corruptionis
1641 2102 1939 2177 infinitae
1977 2159 2002 2193 ‚
2043 2099 2249 2175 -unde
2305 2126 2436 2177 nec
2483 2101 2626 2200 ipse

182 2200 357 2275 Deus
384 2200 599 2275 ullam
636 2200 747 2275 vel
781 2200 1141 2275 minimam
1168 2201 1341 2275 bom
1373 2203 1620 2275 micam
1650 2200 1901 2274 elicere
1937 2197 2162 2296 poss'et
2181 2195 2307 2271 nifi
2329 2198 2617 2273 eandem

182 2294 247 2370 in
272 2322 417 2372 eum
447 2298 643 2395 prius
671 2290 1061 2376 infunderet
1200 2323 1235 2372 r
1268 2298 1806 2374 misericordiam
1833 2294 2023 2370 suam
2057 2351 2081 2387 ,
2128 2321 2169 2369 e
2197 2294 2619 2394 qiu-miscri-

186 2395 395 2469 cordia
424 2452 449 2494 2
498 2391 551 2467 fi
580 2394 799 2468 homo
824 2393 925 2468 illi
962 2321 1261 2478 refigi-e
1288 2393 1468 2468 nolit
1497 2451 1522 2488 ,
1571 2393 1892 2491 procedit
1935 2393 2012 2466 ὃς
2047 2389 2372 2488 procedet
2404 2415 2618 2468 omne

186 2487 425 2564 bonum
444 2540 469 2580 ‚
518 2512 731 2590 atque
761 2492 967 2582 etiarn
996 2489 1271 2566 tandem
1310 2490 1447 2590 ipsa
1466 2491 1637 2565 salus
1670 2491 1748 2564 δε
1779 2515 1814 2562 ι·
1855 2487 2126 2562 stitutio
2155 2485 2460 2584 perfeeht
2488 2489 2620 2597 lio-

192 2585 367 2660 minis
394 2616 417 2678 3
464 2583 515 2660 fi
540 2613 711 2662 vero
736 2587 950 2662 homo
982 2587 1089 2660 illi
1122 2586 1377 2661 refistat
1403 2644 1427 2679 ,
1479 2606 1715 2660 natura
1732 2607 1794 2680 ej
1848 2608 1878 2656 s
1897 2604 2224 2678 corrupta
2254 2641 2278 2670 ‚
2331 2609 2459 2682 pro
2487 2609 2621 2658 im·

191 2682 285 2776 pia
306 2685 701 2760 conditione
742 2683 819 2757 in
857 2707 1065 2781 quam
1100 2682 1281 2782 lapsa
1326 2685 1427 2757 est
1454 2733 1479 2772 ,
1546 2681 1721 2755 nihil
1770 2678 1958 2754 aliud
2010 2680 2270 2777 poterit
2295 2678 2622 2753 fabricare

188 2803 365 2889 quam
392 2782 619 2856 omnis
642 2779 915 2879 generis
951 2802 1233 2880 peccata
1248 2829 1276 2870 ‚
1323 2779 1399 2854 δε
1420 2801 1639 2854 errata
1660 2836 1685 2872 ,
1734 2773 2102 2851 tenebrosa
2126 2795 2338 2872 atque
2357 2800 2623 2872 angen·

190 2893 267 2952 na
286 2925 309 2966 ‚
331 2901 407 2952 ac
426 2878 703 2952 tandem
730 2876 1273 2954 consummatam
1309 2875 1521 2974 ipsam
1544 2895 1872 2952 aeternam
1891 2869 2437 2964 damnationem,
2461 2897 2623 2972 quae

188 2971 271 3046 est
294 3000 461 3072 opus
484 2976 861 3073 proprium·
887 2974 1187 3048 hominis
1210 2973 1253 3048 εὶ
1283 2974 1441 3052 Deo
1467 2970 1872 3048 discedentis
1883 3004 1906 3044 .·
2541 3033 2548 3039 .
2821 3037 2856 3066 ,

265 3073 331 3144 6.
379 3072 541 3146 Nos
572 3071 825 3145 docere
854 3073 1155 3164 effemiam
1178 3095 1258 3144 ac
1280 3072 1699 3168 perferffionem
1732 3067 1906 3143 Veri
1941 3063 2445 3142 Christianismi
2481 3061 2626 3142 five
2700 3049 2762 3140 θ’.
2800 3073 2980 3150 Veram

184 3161 333 3239 Reli
384 3168 559 3252 ionis
586 3165 1051 3259 Christianae„
1100 3167 1509 3258 consistere,
2001 3247 2011 3256 ,
2133 3245 2156 3266 ‚
2667 3173 2860 3245 ΜΨ
2873 3177 2968 3250 “·.

258 3269 321 3354 (ι
404 3264 479 3339 in
512 3265 1037 3340 renunciatione
1066 3263 1167 3338 sui
1186 3321 1211 3352 ‚
1234 3262 1369 3336 five
1390 3260 1683 3362 maligni
1710 3259 1897 3334 istius
1917 3257 2150 3350 fundi,
2167 3263 2326 3356 (qui
2355 3261 2422 3330 in
2441 3259 2628 3340 Scri·
2666 3252 2774 3291 nen
2789 3234 2997 3364 Zoan-

188 3360 579 3456 pturiwetns
604 3363 773 3432 homo
806 3361 1099 3452 dicitur)
1150 3363 1229 3436 &
1258 3357 1786 3446 inclinationum
1817 3379 1896 3432 ac
1923 3358 2414 3454 operationum
2449 3352 2633 3453 ejus·
2667 3327 2882 3459 ssffim‘
2901 3405 2978 3449 o·

166 3456 315 3550 ‚dein
334 3507 361 3546 ‚
414 3455 643 3556 (quod
671 3455 769 3530 est
806 3481 991 3532 verae
1012 3455 1446 3569 [renitenti-ez)
2658 3461 2962 3550 ρενῇὲξὶσπε

254 3555 345 3640 (2)
390 3555 465 3628 in
514 3551 973 3647 conversione
1020 3554 1435 3628 interiorum
1474 3551 1868 3635 nostrorum
1897 3546 1982 3622 ad
2017 3550 2264 3634 Deum
2299 3573 2428 3646 per
2449 3546 2634 3622 Ora·-
2670 3533 2911 3609 chrfiu.

172 3648 427 3838 ffiein
458 3651 875 3756 continuam
922 3647 1320 3726 adeundum
1354 3672 1438 3726 ac
1476 3649 1924 3724 retinendum
1963 3673 1990 3736 ς
2041 3647 2262 3744 (quod
2309 3645 2410 3718 est
2449 3665 2632 3719 verae
2671 3611 2852 3698 ''sm'ff

256 3843 363 3942 (3)
390 3845 463 3922 in
486 3845 887 3952 amoreDei
908 3845 1303 3945 &proximi
1330 3874 1359 3934 5
1412 3842 1523 3938 (in
1542 3837 1799 3942 quibus
1828 3839 1930 3952 est
1953 3839 2253 3918 Chm'm
2273 3861 2442 4027 vera(
2453 3861 2469 3909 z
2499 3834 2587 4018 ξε
2728 3939 2773 3990 ⁶

1182 3979 1189 3986 ’
1336 3965 1388 4042 g
1410 3965 1459 4040 g
1479 3962 1530 4040 ‘0⁷
1891 3987 1910 3996 ·
2035 4009 2046 4020 -
2449 3957 2502 4036 ,4
2560 3957 2656 4024 ²⁰-
2773 3950 2778 3957 ’
