3552 4592
925 80 1055 168 De
1086 82 1468 170 Oratione.
1516 122 1529 131 ·
1576 61 1827 198 Epist.
1891 82 1938 171 1
1957 82 2000 167 1
2021 69 2086 168 1'.
2567 72 2728 203 449⁸

224 224 541 323 ideoque
564 222 1007 325 temporibus
1032 230 1276 301 ceteris
1314 228 1455 301 Dei
1483 226 1852 305 immemor
1877 284 1902 319 ,
1949 245 2254 321 mentem
2286 225 2563 305 suamin
2589 232 2725 305 sol-

228 322 717 399 licitudinibus
742 323 1095 401 bonorum
1120 324 1545 397 terrestrium
1568 344 1691 397 aut
1718 324 1796 399 in
1814 324 2295 421 voluptatibus
2315 352 2392 401 ac
2411 327 2732 403 obleeta-

230 421 493 493 mentis
526 419 663 493 suis
698 422 1047 517 capiendis
1074 422 1403 517 occupari
1440 418 1619 493 finit.
2007 510 2024 519 ἶ

336 542 367 589 1
391 542 421 589 1
440 572 459 589 .
513 516 717 590 Nolo
746 518 1073 615 equidem
1100 518 1486 613 improbare
1504 540 1741 614 preces
1770 517 2183 615 vespertinas
2213 522 2288 595 &
2317 520 2684 597 matutinas
2704 524 2734 610 ,'

226 612 479 713 oesque
508 637 667 708 quae
705 610 885 687 inter
921 614 1157 711 epulas
1207 613 1389 687 fiunt
1422 672 1445 707 ,
1509 632 1633 686 aut
1668 614 1818 688 aliis
1848 616 2296 713 ‘temporibus
2334 621 2538 692 certis
2573 644 2728 691 ora-

232 710 413 785 tioni
446 708 633 783 forte
661 709 1053 784 destinatis:
1114 710 1184 783 id
1222 712 1407 783 enim
1444 710 1840 785 institutum
1870 712 1969 783 est
2009 712 2346 786 laudabile
2383 718 2452 787 in
2495 716 2728 787 homi-

230 808 435 879 nibus
482 808 780 895 mundi3
831 808 1006 905 qui,
1056 830 1217 879 cum
1256 808 1557 904 negotiis
1597 832 1675 879 ac
1716 806 1921 881 rebus
1953 806 2086 881 suis
2122 810 2296 880 adeo
2338 810 2474 885 toti
2513 836 2726 885 occu-

228 924 497 999 pentur
510 927 589 975 ac
619 902 1085 977 distrahantur
1108 960 1133 994 ‚
1171 904 1565 987 §terendum
1590 900 1844 977 merito
1865 904 1962 975 est
1995 928 2081 976 ne
2103 931 2415 1005 ,unquam
2449 930 2726 1006 tempus

230 1000 631 1073 invenirent
656 1000 745 1073 de
775 1000 939 1073 Deo
963 1001 1327 1098 cogitandi
1356 996 1477 1072 nisi
1502 1020 1689 1073 certa
1725 1022 2040 1097 tempora
2067 1006 2367 1077 orationi
2395 1003 2730 1077 faciendae

231 1094 661 1171 destinarent
698 1098 845 1171 uhi
878 1120 1051 1195 ergo
1090 1094 1451 1171 reciciffime
1481 1094 1749 1170 faciunt
1789 1096 1840 1169 fi
1889 1098 2203 1195 regulam
2241 1098 2370 1172 fibi
2412 1100 2728 1197 praescri·-

230 1188 401 1267 bant
428 1249 453 1285 ,
504 1192 580 1265 &
606 1194 817 1281 certis
842 1196 1275 1289 temporibus
1310 1192 1581 1267 statutis
1614 1191 1916 1267 orationi
1929 1215 2189 1272 ,vacent
2213 1243 2238 1284 ‚
2285 1218 2364 1268 ut
2406 1196 2721 1293 aliquan-

234 1291 329 1362 do
356 1289 597 1363 saltem
624 1290 713 1363 de
743 1290 906 1364 Deo
938 1290 1303 1387 cogitent,
1354 1292 1575 1364 necin
1613 1288 1916 1388 negotiis
1947 1291 2190 1363 mundi
2230 1289 2297 1365 se
2327 1291 2512 1389 ipsos
2547 1292 2725 1367 obli·-

237 1386 620 1461 viscantur.
1969 1458 1985 1474 ‚
2183 1406 2197 1413 ·

334 1508 458 1556 12.
512 1482 787 1559 Verum
818 1481 900 1555 ad
932 1482 1117 1557 filios
1161 1482 1301 1557 Dei
1344 1482 1532 1583 quod
1569 1483 1822 1559 attinet
1849 1484 1921 1557 &
1953 1484 2074 1581 qui
2109 1485 2193 1558 ad
2231 1483 2728 1584 perfefflonem

236 1579 704 1655 Christianam
756 1578 1097 1677 adspirant
1143 1628 1169 1669 ,
1240 1580 1337 1652 illi
1377 1579 1637 1653 debent
1668 1576 1947 1652 cominu}
1983 1610 2162 1652 orare
2201 1640 2226 1674 ‚
2275 1604 2372 1656 (9⁴⁹
2407 1611 2724 1681 nunquam

236 1680 505 1768 ceffaere3
557 1676 906 1751 Diabolus
936 1674 1268 1773 siquidem
1298 1675 1386 1750 ab
1408 1678 1487 1750 iis
1515 1678 1862 1749 tentandis
1897 1701 2254 1774 nunquam
2295 1680 2536 1753 cessat:
2573 1676 2722 1753 imo

123 1780 145 1791 '
236 1766 357 1871 ipfi
380 1794 653 1871 quanto
687 1768 1037 1847 ardentius
1078 1772 1578 1868 perfeffionem
1614 1770 2004 1845 defiderant
2032 1826 2054 1859 ‚
2103 1768 2298 1845 tanto
2322 1779 2722 1872 magisten-

236 1868 633 1944 tationibus.
660 1890 1005 1943 vexantur
1034 1925 1059 1961 ,
1123 1867 1421 1965 ideoque
1466 1872 1541 1943 &
1588 1889 1788 1941 tanto
1834 1869 2053 1965 magis
2089 1868 2170 1941 iis
2211 1872 2576 1943 necefl'aria
2613 1872 2718 1945 est

232 1974 429 2039 oratio
461 1973 797 2054 continua,
850 1964 1199 2039 interdum
1235 1986 1315 2039 ut
1338 1965 1681 2039 auxilium
1714 1964 1876 2037 coeli
1925 1964 2302 2061 implorent
2331 2016 2356 2057 ‚
2407 1966 2722 2065 aliquan·

236 2064 331 2136 do
360 2083 443 2135 ut
470 2062 639 2137 Deo
658 2086 789 2159 pro
809 2062 1168 2137 beneficiis
1196 2062 1497 2159 acceptis
1516 2060 1771 2160 gratias
1796 2081 2002 2159 agant
2028 2118 2050 2151 ‚
2104 2086 2612 2160 nonnunquam
2638 2084 2718 2137 ut

234 2161 301 2239 ei
328 2158 747 2232 benedicant
773 2184 811 2231 e
939 2182 1075 2257 que
1124 2156 1407 2232 laudent
1440 2184 1459 2230 z
1528 2154 1731 2231 Adeo
1768 2180 1850 2231 ut
1889 2157 2162 2233 nullum
2194 2184 2505 2257 unquam
2559 2184 2718 2233 mo·
2759 2147 2770 2173 ⁶

234 2278 554 2332 mentum
586 2254 807 2330 totius
888 2258 977 2327 ici
998 2255 1235 2330 effluat
1258 2313 1281 2348 ,
1312 2256 1484 2354 quin
1506 2254 1559 2328 is
1582 2254 1708 2353 qui
1727 2252 2288 2352 dispositionibus
2304 2256 2554 2338 animae
2573 2255 2716 2335 suae
2769 2300 2776 2310 ·

234 2353 710 2430 examinandis
739 2352 1035 2428 sollicite
1071 2374 1265 2428 vacat
1288 2402 1313 2442 ‚
1364 2350 1635 2425 causam
1676 2352 1986 2424 inveniat
2032 2353 2267 2424 Deum
2306 2354 2712 2430 invocandi.

234 2451 619 2548 Isinquam
647 2475 1018 2524 st-:MPER
1070 2471 1125 2520 N
1151 2475 1197 2521 E
1224 2475 1269 2522 c
1296 2473 1393 2521 Es
1420 2473 1782 2521 sinuum
1814 2447 1948 2521 effe
1977 2448 2286 2521 inveniet
2335 2475 2452 2522 υτ
2487 2475 2604 2533 on
2629 2475 2717 2522 A·-

238 2570 511 2622 noNi
568 2569 1104 2622 coN‘riNu‘AE
1173 2543 1432 2619 insistat
1476 2594 1501 2635 ‚
1580 2541 2154 2652 quandoquidem
2207 2545 2592 2618 occasiones
2643 2547 2723 2627 in,

230 2671 401 2744 quas
426 2643 807 2717 incidimus
838 2701 861 2736 ,
911 2665 1067 2718 tum
1094 2644 1280 2718 intus
1305 2662 1459 2716 tum
1492 2639 1658 2715 foris
1685 2697 1725 2733 ‚.
1761 2662 2164 2737 perpetuam
2196 2640 2318 2737 ipfi
2357 2644 2710 2716 materiam

234 2741 483 2816 orandi
510 2739 1071 2837 suppeditabunt.
2639 2755 2674 2787 ²¹

338 2857 455 2938 13.
512 2837 805 2910 Etenim
836 2837 885 2910 fi
906 2862 1069 2912 cum
1100 2835 1500 2910 hominibus
1530 2834 2060 2927 conversamur,
2085 2833 2186 2908 illi
2215 2861 2340 2908 nos
2363 2836 2714 2915 interdum

226 2933 617 3008 laudabunt
641 2987 664 3020 ,
694 2958 829 3032 qua
852 2935 925 3007 in
948 2959 1023 3007 re
1045 2929 1439 3031 periculum
1460 2933 1595 3006 erit
1620 2957 1812 3007 vanae
1847 2933 2094 3030 gloriae
2121 2932 2473 3026 captanda:
2500 2961 2522 3022 3
2572 2935 2712 3010 alio

226 3053 550 3129 tempore
572 3055 699 3104 nos
731 3028 1107 3128 despicient
1137 3087 1161 3121 ,
1210 3050 1423 3126 atque
1455 3050 1623 3103 tunc
1643 3030 1731 3101 ad
1758 3030 1920 3101 iram
1953 3049 2072 3102 aut
2110 3028 2658 3128 indignationem
2689 3091 2710 3124 ,

228 3127 371 3202 five
396 3125 481 3200 ad
516 3130 1069 3201 contemtionem
1098 3150 1349 3200 eorum
1386 3126 1722 3199 odiumve
1756 3126 2245 3210 movebimur:
2303 3124 2496 3223 quod
2519 3126 2568 3200 fi
2592 3127 2716 3202 ali-

230 3225 409 3324 quid
444 3223 649 3297 nobis
682 3223 785 3298 est
833 3246 995 3296 curn
1038 3224 1117 3296 iis
1152 3222 1419 3320 negotii
1457 3279 1481 3312 ‚
1543 3222 1829 3294 avaritia
1879 3221 2077 3294 nobis
2129 3220 2331 3294 facile
2368 3221 2662 3322 obrepet
2688 3282 2712 3316 ,

228 3343 355 3396 aut
382 3320 693 3394 studium
726 3319 941 3394 nostri
979 3319 1364 3393 commodi.
1460 3317 1886 3416 Prosperitas
1922 3317 2128 3389 faciet
2175 3337 2258 3390 ut
2295 3318 2714 3416 gaudeamus

226 3441 357 3494 aut
389 3419 627 3492 animo
668 3416 1137 3502 extollamur3
1184 3412 1539 3487 adversitas
1590 3436 1669 3488 ut
1716 3415 1950 3491 moesti
1986 3413 2392 3533 dejiciamur
2423 3447 2450 3500 3
2502 3438 2710 3514 atque

226 3517 331 3590 ita
368 3514 677 3588 millena·
702 3513 831 3586 alia
858 3511 1025 3587 foris
1058 3509 1260 3585 nobis
1303 3510 1741 3584 obvenientia
1776 3511 2110 3584 continue
2144 3511 2372 3586 causas
2407 3511 2710 3588 afferunt

222 3613 311 3685 ad
348 3613 587 3686 Deum
631 3633 661 3682 s
689 3633 736 3682 n
758 3635 817 3682 M
843 3633 886 3684 P
915 3633 961 3681 n
987 3633 1039 3680 R
1082 3609 1477 3681 recurrendi
1507 3631 1629 3706 per
1660 3633 1708 3678 o
1730 3631 1784 3678 n
1807 3631 1858 3678 A
1879 3632 1968 3680 τι
1991 3634 2037 3679 o
2060 3629 2114 3677 N
2140 3634 2185 3679 ε
2207 3626 2268 3685 Μ
2293 3657 2327 3698 .,
2379 3633 2512 3706 qua
2549 3633 2708 3706 gra-

224 3702 399 3788 tiam
426 3707 517 3780 ab
546 3733 633 3781 eo
662 3731 743 3778 ac
779 3703 957 3780 ifircs
982 3729 1387 3800 expetamus
1420 3724 1504 3777 ut
1538 3705 1614 3776 in
1642 3703 1971 3801 periculis
1993 3723 2099 3778 tot
2126 3702 2410 3779 diversis
2431 3703 2708 3801 sustepti

218 3808 299 3886 in
324 3823 611 3905 peccata
636 3828 783 3880 non
816 3801 1229 3879 incidamus.
1328 3803 1427 3876 Et
1456 3801 1609 3971 hlaef
1638 3800 1920 3970 ‹13uidem
1953 3798 2119 3883 foris
2154 3799 2358 3886 nobis
2375 3798 2710 3911 superve-

1041 3915 1047 3921 “
2459 3921 2712 3989 nmm3
