3552 4592
537 144 579 221 .*
838 176 996 265 710
1354 98 1363 109 θ
1522 185 1531 191 ·
1598 144 1691 231 In
1730 145 2133 262 Cenfitram
2169 145 2560 260 Parrhasii

463 337 736 402 tanqua-m
843 301 945 374 cit
975 298 1336 373 duntaxat.
1431 296 1505 371 Si
1543 286 1857 397 qu'aedarn
1912 296 2236 371 Poiretus
2276 292 2731 367 commendat
2755 349 2778 386 ,
2830 292 2917 366 ad
2956 292 3361 391 Scripturas

464 399 688 491 oracula
711 434 728 461 ‚
849 397 1024 471 solet
1053 419 1443 493 provocare
1466 398 1540 469 &
1564 399 1650 469 ad
1686 394 1992 493 cujusvis
2030 392 2521 467 conscientiam
2548 395 2623 465 iu
2654 390 3029 488 conspectu
3054 394 3198 466 Dei
3218 392 3363 467 sese

462 480 585 567 ‘iuss‘
614 487 783 605 {102
855 498 1366 570 examinantem
1401 553 1426 586 ,
1479 494 1895 592 profertque
1923 551 1945 584 ,
2013 492 2246 588 quoad
2296 490 2448 564 fieri
2500 489 2727 585 potest
2768 489 2858 562 ab
2907 490 3083 582 illo,
3132 489 3365 564 bonas

459 572 624 693 ἕξις(
681 552 752 626 ‘f‘
851 594 1177 665 omnium
1210 614 1364 689 quae
1395 594 1732 689 proponit
1767 592 2069 663 rationes
2102 591 2181 664 ὅ(
2211 588 2439 663 causas
2473 636 2497 677 ,
2566 591 2671 661 uti
2728 586 2959 661 sciunt
2988 608 3361 685 quotquot

584 674 601 696 ⁹
850 691 1036 763 illius
1069 688 1322 787 scripta
1343 690 1459 763 vel
1499 690 1947 763 mediocriter
1986 686 2463 784 inspexerunt.
2560 685 2709 783 Ipse
2742 708 2919 758 vero
2948 684 3361 759 Parrhafius

852 788 1298 871 hicomnino
1354 792 1422 877 (e
1445 787 1795 885 principio
1818 786 2202 868 coecitatis)
2252 784 2637 858 committit
2670 782 2863 879 quod
2884 780 3174 879 ipsemet
3196 785 3361 857 cul·

857 910 1024 981 pat:
1081 909 1238 956 nam
1275 902 1421 959 tota
1452 884 1591 959 suae
1627 884 1934 960 censu-rae
1967 935 1992 975 ‚
2044 884 2717 957 contumeliarumve
2758 938 2781 972 ,
2834 883 3201 979 congeries
3236 905 3355 955 ve·

855 982 992 1057 luti
1025 1006 1210 1055 mera
1237 1004 1277 1053 e
1311 982 1590 1079 tripode
1619 982 1902 1057 oracula
1927 1031 1955 1070 ,
2004 978 2565 1054 enthufiafficutn
2600 980 2674 1051 in
2706 1002 3015 1068 morem,
3052 976 3197 1051 fine
3218 980 3365 1052 ulla

636 1121 649 1132 .
853 1080 1203 1158 rationum
1233 1103 1314 1150 ac
1400 1079 1841 1153 robationum
1880 1077 2311 1176 appositione
2335 1135 2357 1169 ,
2379 1112 2394 1139 ι.
2408 1076 2493 1150 ab
2527 1076 2659 1150 illo
2684 1073 3096 1149 effimditur.

585 1195 701 1270 (η)
861 1192 868 1202 ·
961 1200 1078 1250 12.
1131 1177 1314 1271 Quis
1345 1104 1460 1249 liic
1504 1202 1646 1267 non
1685 1179 1979 1249 miretur
2008 1176 2409 1248 coecitatem
2504 1200 2592 1250 ua
2618 1202 2722 1244 ars
2737 1175 3075 1269 seducendi
3106 1172 3361 1273 objici-

499 1274 583 1331 D‘
606 1270 817 1351 puden·
855 1274 1047 1349 citur
1073 1270 1160 1345 ab
1188 1297 1275 1346 eo
1315 1275 1598 1349 homine
1631 1276 1754 1372 qui
1785 1274 2079 1371 ipsemet
2100 1272 2431 1346 omnibus
2450 1198 2816 1369 suspectus
2844 1270 2945 1343 est
2978 1270 3183 1368 super
3210 1294 3361 1346 arte

470 1348 820 1485 gsicfffleufimss
857 1372 935 1448 &
970 1370 1202 1445 studio
1239 1373 1632 1446 retrahendi
1671 1374 1747 1447 &2
1764 1372 2092 1466 fidae-endi
2138 1369 2455 1441 homines
2505 1368 2546 1442 a
2580 1368 2997 1466 cognitione
3047 1372 3127 1444 δε
3161 1367 3364 1442 sensu
3432 1396 3443 1405 ·

516 1504 777 1561 liciorum
856 1488 1306 1568 peccatorum
1325 1528 1347 1562 ,
1365 1481 1529 1543 ‘tum
1552 1468 1952 1568 originaliS,
1983 1490 2139 1542 tum
2168 1466 2545 1539 adbualium
2576 1467 3015 1540 internorum
3044 1466 3121 1542 &
3142 1469 3369 1541 maxi·-

472 1522 802 1654 {Parrhafio
859 1590 978 1641 me
1001 1567 1407 1666 spiritalium
1443 1568 1472 1641 ?
1528 1563 1922 1641 abducendi
1952 1567 2122 1639 item
2152 1566 2227 1639 &
2250 1566 2582 1663 fiduceqdi
2617 1584 2736 1637 eos
2766 1590 2806 1637 a
2837 1563 3000 1637 Deo
3028 1562 3103 1637 ὅ(
3130 1566 3366 1662 Spiri-

347 1730 352 1737 .
471 1654 748 1739 objectam,
861 1682 940 1739 tu
969 1666 1120 1761 ejus
1151 1718 1171 1752 ,
1217 1668 1289 1737 in
1313 1664 1518 1738 nobis
1545 1684 1871 1762 operante
1907 1662 2138 1736 lucem
2161 1720 2183 1754 ‚
2212 1661 2637 1734 Charitatem
2658 1710 2681 1750 ‚
2735 1684 2977 1733 omnes
3006 1661 3304 1736 virtutes
3330 1664 3365 1736 ?

575 1782 581 1789 ’
858 1760 1246 1837 abducendi
1289 1762 1366 1837 Sc
1403 1765 1734 1856 seducendi
1788 1758 1877 1834 ab
1912 1759 2272 1858 agnitione
2311 1758 2385 1830 ὅτ.
2420 1756 2825 1831 adoratione
2863 1758 2997 1833 SS.
3038 1760 3367 1834 Trinita-

859 1860 951 1931 tis
985 1862 1061 1934 &
1101 1858 1592 1957 mysteriorum
1616 1884 1694 1931 ac
1713 1855 2143 1931 mirabilium
2176 1856 2317 1927 Dei
2350 1855 2380 1929 ἰ
2432 1854 2824 1928 abducendi
2860 1857 2937 1929 δε
2955 1857 3289 1950 fiducendi
3324 1882 3367 1931 a

855 1955 1054 2031 sensu
1082 1957 1229 2030 Scri
1284 1976 1593 2031 turarum
1627 1957 1800 2030 vivo
1836 1956 1910 2030 &
1939 1953 2214 2029 salutari
2248 1950 2571 2049 precibus
2610 1951 2699 2025 ab
2730 1976 2865 2050 ope
2888 1953 3199 2052 Spiritus
3222 1955 3369 2030 Dei

869 2055 1209 2152 impeti-an
1262 2055 1367 2127 o?
1430 2078 1590 2155 quae
1635 2049 1791 2128 sane
1840 2052 2072 2125 omnia
2118 2049 2622 2123 Christianismi
2670 2050 2817 2123 vita
2865 2049 2942 2123 δε
2979 2050 3363 2127 substantia

869 2149 1030 2225 su'nt
1064 2176 1082 2221 z
1139 2150 1420 2249 quando
1448 2174 1683 2225 tamen
1711 2150 1855 2239 ille,
1884 2149 2001 2223 cui
2036 2174 2237 2221 artem
2258 2145 2705 2242 [educendi‚&
2728 2148 3014 2245 quidem
3050 2154 3203 2239 din,
3256 2150 3373 2224 id-

871 2270 1012 2346 que
1038 2248 1414 2324 hominum
1435 2252 1883 2348 fimpliciores,
1964 2246 2168 2324 valde
2216 2245 2693 2344 imprudenter
2730 2248 2807 2320 &
2852 2244 3021 2320 falso
3056 2246 3324 2340 objicit
3350 2303 3377 2336 ‚

869 2369 1142 2437 omneS,
1171 2367 1509 2446 quantum
1541 2347 1809 2444 scriptis
1830 2343 2055 2444 potest
2082 2403 2103 2438 ,
2157 2343 2243 2417 ad
2286 2344 2411 2416 ista
2451 2361 2797 2442 provocat
2828 2402 2849 2436 ,
2900 2344 3042 2417 hoc
3073 2345 3181 2420 est
3204 2397 3229 2436 ,
3280 2347 3372 2421 ad

873 2441 1108 2517 salutis
1128 2443 1447 2544 requifita
1468 2495 1494 2530 ,-
1533 2443 1763 2518 causas
1790 2503 1809 2538 ,
1862 2443 2089 2542 adque
2112 2443 2401 2515 salutem
2430 2439 2636 2540 ipsam
2670 2467 2811 2538 qua
2842 2463 3145 2517 creatam
3168 2493 3191 2535 ‚
3226 2443 3377 2542 qui

868 2540 1273 2616 increatam.
1365 2541 1617 2634 Discat
1650 2564 1990 2640 praeterea
2034 2539 2425 2614 Parrhasius
2450 2597 2473 2631 ,
2524 2563 2639 2612 me
2662 2539 2870 2613 nullis
2896 2564 2990 2614 un
3049 2565 3198 2613 uam
3226 2543 3375 2613 hc-

871 2638 1148 2711 minum
1186 2637 1446 2712 suafiffe
1481 2641 1585 2714 uti
1620 2639 1846 2738 partes
1875 2636 2225 2736 inquibus
2246 2635 2405 2712 sunt
2438 2696 2461 2729 ‚
2510 2637 2624 2710 vel
2652 2634 2839 2710 aliud
2876 2565 3051 2736 quid
3084 2641 3367 2713 externi

869 2734 1108 2808 cultus
1155 2757 1274 2810 aut
1321 2735 1532 2815 status
1566 2791 1587 2824 ‚
1638 2737 2193 2834 derelinquerent
2223 2782 2250 2821 ‚
2316 2735 2487 2807 mihi
2541 2759 2628 2808 ue
2678 2736 3363 2832 appropinquarent,

873 2833 1002 2928 qui
1054 2832 1290 2929 potius
1341 2858 1484 2906 non
1515 2836 1748 2931 paucis
1775 2832 2204 2907 contrarium
2242 2831 2485 2926 persua
2514 2859 2537 2905 1
2570 2857 2587 2903 ε
2647 2833 2721 2905 ὃς
2752 2855 2921 2904 vero
2958 2833 3190 2907 nullos
3214 2857 3364 2906 ur.-

879 2951 1091 3025 quam
1129 2939 1523 3006 conventus
1578 2929 1839 3025 habui,
1894 2929 2121 3004 nullos
2164 2930 2535 3004 hominum
2571 2929 2799 3002 doceo
2848 2978 2874 3018 ‚
2938 2953 3067 3003 nec
3099 2929 3371 3007 docere

877 3026 1094 3123 cupio
1126 3052 1145 3100 :
1203 3026 1425 3101 scribo
1459 3055 1476 3101 ε
1533 3029 1608 3102 ὃζ
1649 3053 1726 3102 ea
1755 3027 2037 3126 quidem
2074 3025 2301 3100 scribo
2320 3025 2747 3124 quorum'ita
2780 3055 2875 3097 me
2900 3029 3092 3124 pudet
3114 3086 3139 3120 ,
3166 3036 3371 3122 (con-

875 3140 983 3194 tra
1013 3121 1353 3198 Parrhafii
1390 3123 1795 3200 sententiam
1817 3127 1877 3218 ,)
1926 3144 2011 3199 ut
2054 3123 2167 3197 illa
2214 3126 2532 3199 emittam
2572 3125 2645 3196 in
2681 3121 3059 3221 publicum
3094 3129 3366 3202 omnia.

749 3313 754 3316 ,
866 3221 944 3299 Si
979 3221 1054 3295 in
1081 3220 1498 3319 quibusdam
1537 3247 1800 3297 nomen
1826 3220 2293 3319 suppresserim
2330 3273 2351 3310 ,
2399 3219 2641 3294 faciam
2685 3222 2764 3295 &
2802 3245 2996 3296 nunc
3022 3225 3309 3320 quidem
3338 3283 3367 3320 ,

870 3341 1120 3394 eorum
1151 3320 1510 3422 agnitione
1530 3324 1585 3409 ,²
1609 3341 1691 3394 ut
1725 3321 1765 3394 a
1795 3320 1995 3392 nullo
2031 3315 2279 3415 poffim
2314 3319 2538 3392 dicier
2560 3341 2802 3393 eorum
2840 3320 3119 3416 pudore
3152 3321 3363 3412 ἀπεὶς

672 3501 688 3518 ⁸
871 3413 974 3486 At
996 3415 1156 3488 vide
1183 3441 1326 3514 quo
1356 3419 1555 3492 ducit
1589 3416 2015 3515 principium
2047 3416 2433 3490 coecitatis!
2490 3413 2925 3490 Parrhafium
2960 3416 3192 3513 ipsum
3221 3443 3365 3530 pu-

483 3532 558 3610 (a)
582 3553 638 3613 p.
671 3553 796 3612 35²·-
873 3511 993 3584 det
1027 3512 1141 3586 vel
1179 3515 1390 3610 primi
1421 3515 1580 3589 libri
1609 3514 1914 3589 Clientis
1938 3511 2068 3588 sui.
2162 3516 2212 3590 S
2312 3512 2653 3610 ponderat
2685 3513 2804 3602 (a)
2842 3515 2943 3589 D.
2970 3515 3235 3589 Clerici
3278 3517 3369 3589 li-

871 3607 1156 3704 brorum
1187 3665 1208 3698 ‚
1261 3613 1526 3710 quippe
1552 3635 1797 3686 eorum
1880 3633 2127 3701 natus,
2148 3637 2220 3685 re
2252 3611 2554 3702 ationem
2585 3639 2603 3684 ε
2660 3610 3068 3686 laudaverat
3094 3638 3229 3713 pro
3252 3614 3369 3688 hi-

525 3711 612 3784 (b)
639 3708 833 3780 Parrh-
875 3707 1149 3783 storicae
1183 3706 1540 3784 fidelitatis
1576 3710 1819 3809 regula
1900 3731 2006 3782 aec
2036 3707 2321 3807 Polybii
2353 3707 2618 3797 verba;
2670 3708 3156 3808 (b)ficpprimere
3172 3717 3243 3788 in
3264 3715 3370 3787 hi-

467 3809 618 3904 ‚m-
649 3800 778 3851 ¹⁶0·
853 3809 1050 3902 storia
1070 3812 1140 3877 id
1165 3811 1326 3902 quod
1352 3834 1572 3880 revera
1581 3810 1836 3904 fastum
1868 3811 1963 3880 eff
1992 3864 2016 3899 ,
2064 3833 2185 3881 non
2205 3813 2297 3879 eff
2333 3829 2391 3881 M
2413 3829 2527 3879 EN
2546 3831 2601 3882 D
2621 3827 2675 3878 A
2693 3829 2739 3879 c
2758 3833 2781 3878 1
2801 3831 2851 3878 u
2870 3831 2931 3879 u
2957 3815 3155 3880 minus
3174 3835 3367 3906 quam

471 3899 478 3906 ’
874 3905 1078 3980 dicere
1111 3909 1187 3977 id
1211 3907 1370 4008 qaod
1397 3933 1703 4006 nunquam
1721 3910 1858 4004 fisis
1890 3931 1914 3978 .·
1964 3903 2040 3982 ὅτ
2082 3903 2454 4010 supprimit
2488 3901 2729 3980 'tamen
2775 3905 2969 3978 illico
3012 3906 3084 3980 in
3132 3907 3365 4076 cgpite

1353 4031 1364 4040 .
2039 4037 2047 4050 ‚
3248 4021 3361 4076 ta-
