3552 4592
730 150 765 163 “
896 143 1061 249 '420
1218 138 1832 226 Intumum
1890 132 2685 227 UN1VERSALE.
2741 128 3195 235 Sec'T.V‚

998 287 1214 363 Probi
1250 289 1490 387 piique
1526 292 1704 384 viri,
1758 294 1878 390 qui
1921 294 2131 368 solida
2170 294 2317 368 veri
2355 290 2858 367 Christianismi
2893 291 3241 389 principia
3281 292 3380 362 te·

909 399 1084 459 nent
1106 405 1315 482 atque
1346 390 1653 487 diligunt
1678 446 1705 480 ‚
1756 392 1879 486 qui
1918 390 2304 489 agnoscunt
2340 390 2810 488 quam‚miseri
2833 442 2854 475 ‚
2905 413 3111 483 quam
3153 385 3342 460 coeci
3369 432 3394 475 ,

908 506 1117 577 quam
1147 485 1399 578 perditi
1424 484 1559 557 sint
1582 485 1707 583 ipfi
1736 486 1806 557 in
1835 486 1903 559 se
1935 490 2110 560 acin
2138 487 2411 560 Adamo
2441 538 2461 574 ‚
2510 510 2714 582 quam
2753 487 3017 558 neceffe
3061 484 3142 557 fit
3185 505 3268 556 ut
3295 504 3388 555 out

912 580 1185 654 Adamo
1210 580 1281 650 &
1304 605 1394 651 ex
1420 580 1485 653 se
1508 602 1843 655 eruantur
1862 641 1884 673 ,
1934 607 2014 656 ac
2041 584 2111 653 in
2141 584 2428 658 Christo
2457 581 2842 655 inserantur
2865 638 2886 671 ,
2929 582 3102 652 fiant
3119 578 3388 651 divina:

914 676 1109 749 illius
1138 675 1301 749 vitis
1328 678 1641 771 palmites
1660 726 1685 766 ,
1736 680 1956 767 divini
1993 682 2140 772 ejus
2175 679 2487 776 corporis
2511 677 2817 750 membra
2838 727 2863 766 ,
2921 677 3395 773 spiritumque

914 773 1088 845 adeo
1118 772 1358 867 capitis
1376 821 1401 861 ‚
1430 775 1564 847 hoc
1584 774 1684 846 est
1711 830 1733 865 ,
1766 776 2107 871 Spiritum
2131 776 2392 849 Clu-isti
2420 774 2728 848 sanetum
2761 798 2926 847 vere
2951 772 3390 869 participent,

915 868 1006 942 ab
1046 894 1133 942 eo
1181 870 1515 965 recipiant
1563 872 1775 944 vitam
1801 924 1819 957 ,
1869 872 2100 945 lucem
2135 930 2158 963 ‚
2211 872 2606 968 sapientiam
2635 921 2660 960 ‚
2713 872 3028 969 regimen
3060 927 3082 960 ‚
3131 868 3390 956 fidem,

914 964 1105 1061 spem
1126 1013 1152 1055 ,
1200 965 1629 1040 Charitatem
1660 968 2087 1067 virtutesque
2115 968 2544 1043 Christianas
2575 970 2655 1040 ad
2697 967 2985 1041 salutem
3019 962 3396 1040 &restitu-

923 1067 1184 1136 tionem
1214 1061 1525 1136 absolute
1568 1064 1960 1138 necessarias
1986 1112 2011 1154 ,
2061 1066 2316 1165 quibus
2365 1068 2440 1143 ὃς
2483 1064 2615 1147 alia
2653 1064 2836 1136 dona
2873 1062 3274 1161 specialiora
3319 1060 3394 1135 δε

923 1159 1159 1231 minus
1193 1158 1540 1233 ordinaria
1568 1160 1760 1233 addit
1837 1162 2068 1234 uando
2109 1162 2264 1234 vult
2286 1161 2471 1233 idem
2504 1161 2838 1257 Spiritus-»3
2891 1159 3003 1231 isti
3035 1215 3058 1248 ‚
3085 1160 3394 1256 inquam,

892 1254 1131 1351 'probi
1157 1278 1237 1327 ac
1269 1254 1367 1350 pii
1394 1255 1812 1329 inter-Chri1
1846 1258 2034 1331 ianos
2063 1259 2182 1357 qui
2208 1259 2440 1330 omnia
2462 1257 2614 1331 haec
2643 1256 3104 1353 profitentur,
3127 1257 3204 1329 &
3233 1278 3396 1351 qua-

923 1353 1265 1426 dantenus
1292 1352 1367 1423 in
1392 1350 1457 1425 se
1483 1351 1791 1425 sentiunt
1812 1376 1893 1427 ac
1917 1377 2006 1427 ex
2059 1356 2370 1428 criuntur
2393 1406 2413 1437 ,
2461 1372 2730 1427 tantum
2759 1351 2948 1425 abest
2981 1376 3140 1427 vera
3175 1350 3298 1423 ista
3315 1370 3394 1424 ut

878 1532 885 1537 ,
926 1448 1003 1519 in
1014 1446 1456 1521 contemtum
1470 1449 1844 1539 adducant,
1864 1474 1943 1523 ea
1965 1474 2004 1523 a
2035 1450 2200 1547 iquo
2225 1450 2334 1522 vel
2368 1446 2704 1523 fanatismi
2727 1449 2837 1522 vel
2872 1449 3011 1521 alio
3031 1449 3398 1544 deturpent

927 1542 1193 1631 titulo;
1238 1562 1323 1617 ut
1356 1544 1587 1640 potius
1612 1568 1723 1618 eas
1754 1547 2072 1620 veritates
2101 1547 2334 1646 magni
2362 1544 2700 1643 ⁸facientes
2728 1592 2754 1633 ,
2801 1544 3012 1618 solam
3041 1542 3087 1615 s
3121 1542 3394 1617 ecialio·
3518 1550 3527 1565 ⁴

800 1729 815 1734 -
928 1662 1092 1713 rum
1119 1642 1364 1715 &non
1387 1640 1900 1716 ordinariorum
1928 1643 2281 1717 donorum
2316 1644 2458 1735 Dei
2479 1642 2937 1716 imitationem
2958 1640 3046 1723 {fal
3077 1663 3218 1728 am,
3239 1662 3396 1737 quae

931 1728 1441 1811 vernaemonis
1468 1762 1607 1834 ope
1627 1785 1654 1828 ,
1701 1738 2101 1813 velcerebri
2137 1738 2545 1834 intemperie
2574 1796 2597 1829 ‚
2649 1737 2766 1810 vel
2795 1735 3102 1834 utrisque
3133 1736 3222 1810 fit
3243 1794 3267 1829 ‚
3297 1734 3394 1809 se·

932 1852 1071 1928 que
1100 1854 1224 1929 per
1248 1832 1740 1930 incompofitos
1776 1832 2048 1932 profert
2079 1834 2314 1936 gestus
2353 1852 2566 1930 atque
2601 1832 2966 1906 malesanas
3005 1833 3258 1930 agendi
3291 1855 3396 1905 ra·

934 1930 1162 2001 tiones
1184 1986 1209 2021 ,
1256 1928 1609 2045 appellent
1634 1933 1915 2005 nomine
1924 1933 2260 2041 sapaufmi
2281 1960 2302 2017 ς
2335 1930 2412 2005 &
2431 1930 2554 2039 qui
2583 1931 2838 2003 horum
2866 1929 3270 2041 habitudine
3291 1928 3395 2005 in·
3524 1958 3527 2040 ς

932 2020 1158 2099 fectus
1182 2022 1282 2098 est
1306 2076 1331 2113 ,
1362 2029 1737 2131 sanaem
1754 2026 2138 2102 hommem.
2189 2027 2426 2123 Atque
2455 2024 2573 2098 hic
2593 2026 2696 2100 est
2722 2048 2922 2123 verus
2947 2048 3026 2099 ac
3049 2024 3398 2125 legitimus

934 2120 1266 2197 vocabuli
1292 2118 1481 2196 istius
1498 2118 1749 2197 sensus,

1028 2214 1464 2316 1mpr0b12c
1498 2216 1819 2317 profani,
1867 2218 1990 2319 qui
2023 2178 2267 2293 suidas
2297 2219 2590 2295 virtutes
2609 2218 2874 2294 christi
2906 2276 2930 2314 ,
2983 2216 3399 2293 fruouosm
3525 2192 3527 2195 ⁴

934 2311 1149 2388 fidem
1181 2370 1208 2405 ,
1256 2310 1443 2411 spem
1468 2318 1700 2418 vivam
1733 2369 1756 2404 ‚
1803 2339 2252 2415 amoremque
2281 2317 2426 2392 Dei
2446 2316 2786 2392 fincerum
2817 2341 2897 2391 ae
2918 2317 3396 2418 gloriationem

938 2409 1017 2484 in
1044 2411 1218 2484 Deo
1248 2411 1497 2484 horum
1540 2411 1823 2487 maore
1853 2413 2137 2487 minime
2189 2411 2441 2488 habent
2471 2463 2497 2505 ,
2559 2413 2809 2524 quibus
2849 2413 3162 2512 denique
3195 2410 3400 2486 solida

936 2507 1159 2606 pietas
1202 2505 1306 2579 est
1352 2505 1641 2596 derisui,
1688 2510 1765 2583 &
1813 2510 2208 2606 contemtui
2230 2541 2257 2596 ς
2309 2509 2416 2583 isti
2451 2535 2686 2584 omma
2711 2509 2948 2583 divina
2971 2566 2996 2602 ‚
3045 2533 3212 2606 quae
3231 2507 3402 2580 dixi-

775 2615 783 2622 ’
940 2625 1100 2678 mus
1127 2658 1152 2695 ,
1202 2600 1608 2771 qtcilpcsalfius
1640 2601 1998 2679 derideant
2022 2663 2045 2698 ,
2107 2605 2336 2682 solent
2361 2604 2580 2704 impio
2613 2606 3117 2682 vocabulorum
3155 2604 3403 2694 abusu,
3490 2614 3500 2620 “

927 2705 1229 2796 fanatica

1034 2793 1389 2871 Sociniani
1412 2814 1641 2870 autem
1669 2820 1753 2870 ac
1772 2797 2123 2897 Pelagiani
2145 2850 2168 2885 ,
2213 2801 2332 2896 qui
2363 2821 2404 2872 e
2438 2797 2762 2897 superbia
2779 2797 3296 2896 corruptionem
3323 2817 3398 2870 ac

944 2891 1429 2988 impotentiam
1457 2891 1721 2966 misene
1752 2912 2020 2970 naturae
2054 2893 2513 2991 Rationisque
2547 2893 2684 2970 suae
2721 2921 2762 2967 a
2815 2895 3092 2969 noscere
3121 2895 3402 2998 nolunt,

947 2985 1067 3060 sed
1094 2987 1358 3062 lumina
1388 2991 1651 3083 omnia,
1680 2989 1755 3065 &
1774 2988 2068 3064 virtutes
2093 2987 2262 3089 ipsas
2287 2989 2708 3070 christianas
2727 2917 2814 3064 αξ

948 3081 1211 3157 dustria
1254 3083 1589 3160 Rationis
1619 3143 1644 3179 ,
1695 3086 2309 3165 ratiocinationum
2337 3133 2362 3176 ‚
2421 3085 2983 3184 facultatumque
3039 3111 3120 3160 ac
3161 3086 3404 3160 virium

948 3175 1225 3253 suarum
1262 3183 1674 3258 naturalium
1708 3182 1846 3256 exs
1917 3181 2112 3258 &ant
2133 3213 2160 3267 ς
2197 3186 2531 3278 fanan'smi
2565 3205 2826 3258 nomen
2853 3182 3263 3258 indiderunt
3271 3181 3407 3258 Ve-

949 3276 1139 3350 ritati
1161 3299 1323 3376 quae
1343 3277 1575 3353 haerefi
1596 3279 1760 3351 huic
1826 3303 1934 3353 uae
1961 3305 2007 3354 o
2061 3275 2279 3376 pofita
2299 3278 2402 3352 est
2427 3304 2452 3367 3
2502 3278 2596 3353 ita
2619 3299 2702 3353 ut
2721 3283 3082 3374 sanctim
3107 3281 3252 3372 effe,
3295 3291 3408 3351 aut

1377 2723 1491 2773 ere
1509 2747 1533 2790 ,
1584 2700 1663 2776 &t
1690 2702 1938 2795 wfiones
1963 2751 1992 2791 ,
2040 2720 2247 2799 atque
2276 2706 2707 2792 deliraenemae.

771 3429 805 3438 „
936 3375 1287 3471 fanatifmo
1308 3382 1503 3446 teneri
1521 3423 1547 3465 ,
1596 3372 1756 3472 ipfis
1780 3375 1966 3448 idem
2045 3395 2077 3448 t
2095 3397 2175 3448 ac
2198 3426 2219 3462 ‚
2269 3371 2558 3448 statuere
2583 3376 2660 3452 δε
2681 3395 2920 3450 tenere
2945 3376 3407 3450 communica·

950 3468 1219 3578 tionem
1246 3487 1459 3567 atque
1492 3471 1974 3579 operationem
2005 3470 2359 3580 {uternam
2397 3470 2868 3582 SpiritusDei
2887 3521 2916 3562 ,
2963 3471 3100 3582 σίζει
3125 3467 3409 3547 neoefl'a·
3521 3513 3523 3542 ÷

954 3565 1087 3638 nas
1110 3563 1193 3639 ad
1228 3565 1747 3640 conversionem
1778 3567 2010 3641 oordis
2035 3622 2060 3658 ‚
2109 3567 2193 3640 ad
2231 3566 2814 3642 illuminationem
2837 3587 3124 3655 mentis,
3163 3568 3250 3644 ad
3279 3565 3412 3641 san·
3521 3589 3523 3592 ⁴

954 3659 1461 3746 &ficationem
1496 3662 1876 3742 affeetuum
1909 3721 1944 3754 ,
1975 3663 2073 3758 ,ad
2099 3663 2284 3760 spem
2308 3710 2334 3752 ,
2389 3661 2598 3738 fidem
2627 3721 2652 3758 ,
2699 3664 3133 3740 Charitatem
3165 3723 3190 3759 ,
3245 3663 3404 3740 sala·

952 3762 1235 3855 temque
1266 3758 1441 3833 adeo
1474 3759 1773 3836 nostiam
1803 3778 2162 3834 aeternam.
2240 3745 2280 3785 ⁶
2983 3787 2992 3794 ·

1039 3853 1359 3956 Jungant
1382 3878 1574 3933 nunc
1601 3853 1667 3932 se
1694 3851 2032 3980 omtffmi
2067 3853 2230 3947 (five
2253 3854 2718 3946 enthusiasmi)
2769 3855 3236 3956 objeetatms
3253 3855 3405 3934 utris
3520 3895 3523 3928 ;

3175 3956 3405 4034 horum

2843 2990 3200 3066 astivitate
3217 2989 3290 3062 δί
3309 2989 3408 3062 in·
3523 3017 3525 3020 ⁴
