<?xml version="1.0" encoding="UTF-8"?>
<!DOCTYPE html PUBLIC "-//W3C//DTD XHTML 1.0 Transitional//EN"
    "http://www.w3.org/TR/xhtml1/DTD/xhtml1-transitional.dtd">
<html xmlns="http://www.w3.org/1999/xhtml" xml:lang="en" lang="en">
 <head>
  <title>
</title>
<meta http-equiv="Content-Type" content="text/html;charset=utf-8" />
  <meta name='ocr-system' content='tesseract 3.04.00' />
  <meta name='ocr-capabilities' content='ocr_page ocr_carea ocr_par ocr_line ocrx_word'/>
</head>
<body>
  <div class='ocr_page' id='page_1' title='image "./petripoiretdeer00poirgoog_0364.png"; bbox 0 0 3552 4592; ppageno 0'>
   <div class='ocr_carea' id='block_1_1' title="bbox 37 2 104 4575">
    <p class='ocr_par' dir='ltr' id='par_1_1' title="bbox 37 2 104 4575">
     <span class='ocr_line' id='line_1_1' title="bbox 37 2 104 4575; baseline 0 0"><span class='ocrx_word' id='word_1_1' title='bbox 37 2 104 4575; x_wconf 95' lang='lat' dir='ltr'> </span> 
     </span>
    </p>
   </div>
   <div class='ocr_carea' id='block_1_2' title="bbox 622 79 2660 205">
    <p class='ocr_par' dir='ltr' id='par_1_2' title="bbox 622 79 2660 205">
     <span class='ocr_line' id='line_1_2' title="bbox 622 79 2660 205; baseline -0.007 -33"><span class='ocrx_word' id='word_1_2' title='bbox 622 80 771 171; x_wconf 69' lang='lat' dir='ltr'>‘De</span> <span class='ocrx_word' id='word_1_3' title='bbox 805 79 1279 196; x_wconf 62' lang='lat' dir='ltr'>Eacharg&#39;stia</span> <span class='ocrx_word' id='word_1_4' title='bbox 1313 83 1395 165; x_wconf 88' lang='lat' dir='ltr'>in</span> <span class='ocrx_word' id='word_1_5' title='bbox 1428 81 1745 197; x_wconf 79' lang='lat' dir='ltr'>Ecclefia</span> <span class='ocrx_word' id='word_1_6' title='bbox 1779 88 2187 199; x_wconf 63' lang='lat' dir='ltr'>tripartita.</span> <span class='ocrx_word' id='word_1_7' title='bbox 2509 118 2560 199; x_wconf 78' lang='lat'>3-</span> <span class='ocrx_word' id='word_1_8' title='bbox 2559 121 2660 205; x_wconf 82' lang='lat'>45</span> 
     </span>
    </p>
   </div>
   <div class='ocr_carea' id='block_1_3' title="bbox 162 222 2736 3985">
    <p class='ocr_par' dir='ltr' id='par_1_3' title="bbox 162 222 2736 2656">
     <span class='ocr_line' id='line_1_3' title="bbox 218 222 2668 329; baseline 0 -27"><span class='ocrx_word' id='word_1_9' title='bbox 218 227 389 317; x_wconf 80' lang='lat' dir='ltr'>sunt,</span> <span class='ocrx_word' id='word_1_10' title='bbox 440 222 910 325; x_wconf 86' lang='lat' dir='ltr'>propendent,</span> <span class='ocrx_word' id='word_1_11' title='bbox 946 225 1027 297; x_wconf 88' lang='lat' dir='ltr'>iis</span> <span class='ocrx_word' id='word_1_12' title='bbox 1056 222 1191 297; x_wconf 89' lang='lat' dir='ltr'>sese</span> <span class='ocrx_word' id='word_1_13' title='bbox 1232 226 1559 316; x_wconf 86' lang='lat' dir='ltr'>tradunt,</span> <span class='ocrx_word' id='word_1_14' title='bbox 1615 227 1897 301; x_wconf 81' lang='lat' dir='ltr'>&amp;iniis</span> <span class='ocrx_word' id='word_1_15' title='bbox 1935 228 2244 325; x_wconf 83' lang='lat' dir='ltr'>gaudent</span> <span class='ocrx_word' id='word_1_16' title='bbox 2287 247 2496 329; x_wconf 86' lang='lat' dir='ltr'>atque</span> <span class='ocrx_word' id='word_1_17' title='bbox 2522 250 2668 303; x_wconf 86' lang='lat' dir='ltr'>ter-</span> 
     </span>
     <span class='ocr_line' id='line_1_4' title="bbox 214 319 2673 419; baseline 0 -22"><span class='ocrx_word' id='word_1_18' title='bbox 214 325 557 398; x_wconf 82' lang='lat' dir='ltr'>minantur.</span> <span class='ocrx_word' id='word_1_19' title='bbox 615 323 923 417; x_wconf 86' lang='lat' dir='ltr'>Quando</span> <span class='ocrx_word' id='word_1_20' title='bbox 955 324 1109 419; x_wconf 88' lang='lat' dir='ltr'>quis</span> <span class='ocrx_word' id='word_1_21' title='bbox 1132 319 1262 396; x_wconf 89' lang='lat' dir='ltr'>sese</span> <span class='ocrx_word' id='word_1_22' title='bbox 1290 321 1626 397; x_wconf 78' lang='lat' dir='ltr'>desiderat</span> <span class='ocrx_word' id='word_1_23' title='bbox 1650 372 1682 415; x_wconf 82' lang='lat'>,</span> <span class='ocrx_word' id='word_1_24' title='bbox 1770 327 2006 413; x_wconf 71' lang='lat' dir='ltr'>merit,</span> <span class='ocrx_word' id='word_1_25' title='bbox 2058 324 2469 419; x_wconf 84' lang='lat' dir='ltr'>confiderat,</span> <span class='ocrx_word' id='word_1_26' title='bbox 2492 328 2673 400; x_wconf 80' lang='lat' dir='ltr'>aesti-</span> 
     </span>
     <span class='ocr_line' id='line_1_5' title="bbox 214 420 2666 519; baseline 0.001 -25"><span class='ocrx_word' id='word_1_27' title='bbox 214 443 377 516; x_wconf 84' lang='lat' dir='ltr'>mat,</span> <span class='ocrx_word' id='word_1_28' title='bbox 426 420 639 519; x_wconf 87' lang='lat' dir='ltr'>seque</span> <span class='ocrx_word' id='word_1_29' title='bbox 679 420 907 517; x_wconf 84' lang='lat' dir='ltr'>ipsum</span> <span class='ocrx_word' id='word_1_30' title='bbox 937 440 1122 494; x_wconf 87' lang='lat' dir='ltr'>amat</span> <span class='ocrx_word' id='word_1_31' title='bbox 1160 469 1184 510; x_wconf 87' lang='lat'>,</span> <span class='ocrx_word' id='word_1_32' title='bbox 1256 420 1625 495; x_wconf 87' lang='lat' dir='ltr'>idololatra</span> <span class='ocrx_word' id='word_1_33' title='bbox 1666 445 1705 493; x_wconf 90' lang='lat' dir='ltr'>e</span> <span class='ocrx_word' id='word_1_34' title='bbox 1792 479 1816 513; x_wconf 90' lang='lat'>,</span> <span class='ocrx_word' id='word_1_35' title='bbox 1869 424 2040 497; x_wconf 90' lang='lat' dir='ltr'>dum</span> <span class='ocrx_word' id='word_1_36' title='bbox 2086 422 2334 500; x_wconf 87' lang='lat' dir='ltr'>harum</span> <span class='ocrx_word' id='word_1_37' title='bbox 2385 450 2616 498; x_wconf 82' lang='lat' dir='ltr'>rerum</span> <span class='ocrx_word' id='word_1_38' title='bbox 2643 483 2666 516; x_wconf 89' lang='lat'><strong>,</strong></span> 
     </span>
     <span class='ocr_line' id='line_1_6' title="bbox 184 516 2668 621; baseline 0.002 -31"><span class='ocrx_word' id='word_1_39' title='bbox 184 539 343 593; x_wconf 55' lang='lat' dir='ltr'>otum</span> <span class='ocrx_word' id='word_1_40' title='bbox 370 518 471 593; x_wconf 91' lang='lat' dir='ltr'>sui</span> <span class='ocrx_word' id='word_1_41' title='bbox 509 518 765 616; x_wconf 77' lang='lat' dir='ltr'>ipsius:</span> <span class='ocrx_word' id='word_1_42' title='bbox 824 518 1152 614; x_wconf 85' lang='lat' dir='ltr'>idemque</span> <span class='ocrx_word' id='word_1_43' title='bbox 1178 518 1471 591; x_wconf 89' lang='lat' dir='ltr'>omnino</span> <span class='ocrx_word' id='word_1_44' title='bbox 1506 518 1607 616; x_wconf 78' lang='lat' dir='ltr'>est</span> <span class='ocrx_word' id='word_1_45' title='bbox 1640 516 1690 590; x_wconf 89' lang='lat' dir='ltr'>fi</span> <span class='ocrx_word' id='word_1_46' title='bbox 1719 522 1991 595; x_wconf 89' lang='lat' dir='ltr'>animus</span> <span class='ocrx_word' id='word_1_47' title='bbox 2021 546 2185 621; x_wconf 85' lang='lat' dir='ltr'>erga</span> <span class='ocrx_word' id='word_1_48' title='bbox 2230 546 2337 595; x_wconf 83' lang='lat' dir='ltr'>res</span> <span class='ocrx_word' id='word_1_49' title='bbox 2365 522 2525 595; x_wconf 87' lang='lat' dir='ltr'>alias</span> <span class='ocrx_word' id='word_1_50' title='bbox 2573 524 2668 595; x_wconf 82' lang='lat' dir='ltr'>ita</span> 
     </span>
     <span class='ocr_line' id='line_1_7' title="bbox 208 614 2670 717; baseline 0.002 -30"><span class='ocrx_word' id='word_1_51' title='bbox 208 614 279 689; x_wconf 82' lang='lat' dir='ltr'>fit</span> <span class='ocrx_word' id='word_1_52' title='bbox 305 614 627 689; x_wconf 65' lang='lat' dir='ltr'>affeetus:</span> <span class='ocrx_word' id='word_1_53' title='bbox 683 638 1125 715; x_wconf 69' lang='lat' dir='ltr'>quaecunque</span> <span class='ocrx_word' id='word_1_54' title='bbox 1162 614 1449 688; x_wconf 88' lang='lat' dir='ltr'>demum</span> <span class='ocrx_word' id='word_1_55' title='bbox 1486 616 1627 687; x_wconf 84' lang='lat' dir='ltr'>illae</span> <span class='ocrx_word' id='word_1_56' title='bbox 1670 614 1806 689; x_wconf 87' lang='lat' dir='ltr'>fint</span> <span class='ocrx_word' id='word_1_57' title='bbox 1845 676 1868 709; x_wconf 84' lang='lat'>,</span> <span class='ocrx_word' id='word_1_58' title='bbox 1937 620 2252 691; x_wconf 87' lang='lat' dir='ltr'>hommes</span> <span class='ocrx_word' id='word_1_59' title='bbox 2292 639 2460 717; x_wconf 87' lang='lat' dir='ltr'>puta</span> <span class='ocrx_word' id='word_1_60' title='bbox 2486 678 2510 713; x_wconf 89' lang='lat'>‚</span> <span class='ocrx_word' id='word_1_61' title='bbox 2561 618 2670 692; x_wconf 91' lang='lat' dir='ltr'>di-</span> 
     </span>
     <span class='ocr_line' id='line_1_8' title="bbox 206 712 2668 813; baseline 0 -26"><span class='ocrx_word' id='word_1_62' title='bbox 206 714 415 803; x_wconf 76' lang='lat' dir='ltr'>vitiae,</span> <span class='ocrx_word' id='word_1_63' title='bbox 449 712 587 805; x_wconf 79' lang='lat' dir='ltr'>&#39;cibi</span> <span class='ocrx_word' id='word_1_64' title='bbox 611 770 637 806; x_wconf 86' lang='lat'><strong>,</strong></span> <span class='ocrx_word' id='word_1_65' title='bbox 662 714 1063 813; x_wconf 77' lang='lat' dir='ltr'>voluptates</span> <span class='ocrx_word' id='word_1_66' title='bbox 1094 770 1117 805; x_wconf 90' lang='lat'><strong>,</strong></span> <span class='ocrx_word' id='word_1_67' title='bbox 1170 713 1465 786; x_wconf 89' lang='lat' dir='ltr'>honores</span> <span class='ocrx_word' id='word_1_68' title='bbox 1486 763 1509 801; x_wconf 88' lang='lat'>,</span> <span class='ocrx_word' id='word_1_69' title='bbox 1560 712 1894 804; x_wconf 79' lang='lat' dir='ltr'>aedificia,</span> <span class='ocrx_word' id='word_1_70' title='bbox 1921 736 2358 801; x_wconf 80' lang='lat' dir='ltr'>ornamenta,</span> <span class='ocrx_word' id='word_1_71' title='bbox 2398 718 2668 809; x_wconf 79' lang='lat' dir='ltr'>statuae,</span> 
     </span>
     <span class='ocr_line' id='line_1_9' title="bbox 162 808 2667 909; baseline 0.004 -25"><span class='ocrx_word' id='word_1_72' title='bbox 162 864 172 875; x_wconf 75' lang='grc'><strong>.</strong></span> <span class='ocrx_word' id='word_1_73' title='bbox 204 808 551 907; x_wconf 82' lang='lat' dir='ltr'>dignitates</span> <span class='ocrx_word' id='word_1_74' title='bbox 590 868 613 901; x_wconf 89' lang='lat'><strong>‚</strong></span> <span class='ocrx_word' id='word_1_75' title='bbox 668 836 906 883; x_wconf 88' lang='lat' dir='ltr'>omma</span> <span class='ocrx_word' id='word_1_76' title='bbox 929 809 1226 883; x_wconf 90' lang='lat' dir='ltr'>totidem</span> <span class='ocrx_word' id='word_1_77' title='bbox 1250 810 1409 883; x_wconf 91' lang='lat' dir='ltr'>sunt</span> <span class='ocrx_word' id='word_1_78' title='bbox 1431 810 1619 885; x_wconf 83' lang='lat' dir='ltr'>idola</span> <span class='ocrx_word' id='word_1_79' title='bbox 1644 868 1666 902; x_wconf 89' lang='lat'>‚</span> <span class='ocrx_word' id='word_1_80' title='bbox 1701 833 2032 909; x_wconf 85' lang='lat' dir='ltr'>meraque</span> <span class='ocrx_word' id='word_1_81' title='bbox 2063 834 2298 886; x_wconf 87' lang='lat' dir='ltr'>coram</span> <span class='ocrx_word' id='word_1_82' title='bbox 2336 815 2496 888; x_wconf 92' lang='lat' dir='ltr'>Deo</span> <span class='ocrx_word' id='word_1_83' title='bbox 2516 815 2667 892; x_wconf 85' lang='lat' dir='ltr'>ido-.-</span> 
     </span>
     <span class='ocr_line' id='line_1_10' title="bbox 208 905 2670 1009; baseline 0.002 -30"><span class='ocrx_word' id='word_1_84' title='bbox 208 906 469 981; x_wconf 83' lang='lat' dir='ltr'>lolatria.</span> <span class='ocrx_word' id='word_1_85' title='bbox 570 908 675 980; x_wconf 88' lang='lat' dir='ltr'>Et</span> <span class='ocrx_word' id='word_1_86' title='bbox 703 905 1104 1005; x_wconf 70' lang='lat' dir='ltr'>quanquam</span> <span class='ocrx_word' id='word_1_87' title='bbox 1132 907 1453 981; x_wconf 87' lang='lat' dir='ltr'>homines</span> <span class='ocrx_word' id='word_1_88' title='bbox 1473 906 1769 1005; x_wconf 64' lang='lat' dir='ltr'>objectis</span> <span class='ocrx_word' id='word_1_89' title='bbox 1808 909 1948 981; x_wconf 88' lang='lat' dir='ltr'>istis</span> <span class='ocrx_word' id='word_1_90' title='bbox 1979 910 2176 983; x_wconf 83' lang='lat' dir='ltr'>flexis</span> <span class='ocrx_word' id='word_1_91' title='bbox 2205 910 2502 1009; x_wconf 86' lang='lat' dir='ltr'>genibus</span> <span class='ocrx_word' id='word_1_92' title='bbox 2527 923 2670 1003; x_wconf 75' lang='lat' dir='ltr'>no&#39;n</span> 
     </span>
     <span class='ocr_line' id='line_1_11' title="bbox 210 1002 2672 1106; baseline 0.002 -30"><span class='ocrx_word' id='word_1_93' title='bbox 210 1003 575 1101; x_wconf 82' lang='lat' dir='ltr'>supplicent</span> <span class='ocrx_word' id='word_1_94' title='bbox 614 1054 641 1095; x_wconf 87' lang='lat'>‚</span> <span class='ocrx_word' id='word_1_95' title='bbox 707 1006 779 1077; x_wconf 87' lang='lat' dir='ltr'>id</span> <span class='ocrx_word' id='word_1_96' title='bbox 820 1024 1050 1077; x_wconf 83' lang='lat' dir='ltr'>tamen</span> <span class='ocrx_word' id='word_1_97' title='bbox 1081 1002 1259 1078; x_wconf 87' lang='lat' dir='ltr'>nihil</span> <span class='ocrx_word' id='word_1_98' title='bbox 1304 1003 1557 1077; x_wconf 88' lang='lat' dir='ltr'>refert:</span> <span class='ocrx_word' id='word_1_99' title='bbox 1622 1004 1747 1078; x_wconf 87' lang='lat' dir='ltr'>ista</span> <span class='ocrx_word' id='word_1_100' title='bbox 1783 1028 2096 1102; x_wconf 86' lang='lat' dir='ltr'>genuum</span> <span class='ocrx_word' id='word_1_101' title='bbox 2135 1008 2348 1079; x_wconf 85' lang='lat' dir='ltr'>flexio</span> <span class='ocrx_word' id='word_1_102' title='bbox 2387 1010 2672 1106; x_wconf 86' lang='lat' dir='ltr'>proprie</span> 
     </span>
     <span class='ocr_line' id='line_1_12' title="bbox 210 1099 2668 1203; baseline 0.004 -33"><span class='ocrx_word' id='word_1_103' title='bbox 210 1101 589 1176; x_wconf 70' lang='lat' dir='ltr'>idololatriae</span> <span class='ocrx_word' id='word_1_104' title='bbox 628 1102 893 1175; x_wconf 90' lang='lat' dir='ltr'>crimen</span> <span class='ocrx_word' id='word_1_105' title='bbox 940 1124 1085 1174; x_wconf 88' lang='lat' dir='ltr'>non</span> <span class='ocrx_word' id='word_1_106' title='bbox 1122 1100 1332 1173; x_wconf 87' lang='lat' dir='ltr'>efficit</span> <span class='ocrx_word' id='word_1_107' title='bbox 1360 1151 1385 1190; x_wconf 87' lang='lat'>‚</span> <span class='ocrx_word' id='word_1_108' title='bbox 1438 1099 1564 1173; x_wconf 81' lang='lat' dir='ltr'>sed</span> <span class='ocrx_word' id='word_1_109' title='bbox 1600 1099 1748 1178; x_wconf 83' lang='lat' dir='ltr'>sola</span> <span class='ocrx_word' id='word_1_110' title='bbox 1789 1104 1934 1199; x_wconf 83' lang='lat' dir='ltr'>ejus</span> <span class='ocrx_word' id='word_1_111' title='bbox 1977 1105 2078 1176; x_wconf 92' lang='lat' dir='ltr'>est</span> <span class='ocrx_word' id='word_1_112' title='bbox 2118 1102 2402 1201; x_wconf 81' lang='lat' dir='ltr'>accessio</span> <span class='ocrx_word' id='word_1_113' title='bbox 2439 1160 2460 1193; x_wconf 87' lang='lat'><strong>,</strong></span> <span class='ocrx_word' id='word_1_114' title='bbox 2509 1130 2668 1203; x_wconf 74' lang='lat' dir='ltr'>quae</span> 
     </span>
     <span class='ocr_line' id='line_1_13' title="bbox 212 1192 2672 1299; baseline 0.002 -29"><span class='ocrx_word' id='word_1_115' title='bbox 212 1220 415 1271; x_wconf 83' lang='lat' dir='ltr'>coram</span> <span class='ocrx_word' id='word_1_116' title='bbox 456 1197 670 1272; x_wconf 86' lang='lat' dir='ltr'>rebus</span> <span class='ocrx_word' id='word_1_117' title='bbox 703 1198 1100 1271; x_wconf 86' lang='lat' dir='ltr'>innumeris.</span> <span class='ocrx_word' id='word_1_118' title='bbox 1122 1192 1273 1269; x_wconf 91' lang='lat' dir='ltr'>fieri</span> <span class='ocrx_word' id='word_1_119' title='bbox 1306 1198 1529 1295; x_wconf 88' lang='lat' dir='ltr'>potest</span> <span class='ocrx_word' id='word_1_120' title='bbox 1566 1197 1735 1271; x_wconf 88' lang='lat' dir='ltr'>licet</span> <span class='ocrx_word' id='word_1_121' title='bbox 1762 1198 2080 1275; x_wconf 90' lang='lat' dir='ltr'>homines</span> <span class='ocrx_word' id='word_1_122' title='bbox 2112 1198 2379 1295; x_wconf 45' lang='lat' dir='ltr'>easdessn</span> <span class='ocrx_word' id='word_1_123' title='bbox 2416 1226 2561 1275; x_wconf 90' lang='lat' dir='ltr'>non</span> <span class='ocrx_word' id='word_1_124' title='bbox 2590 1222 2672 1299; x_wconf 64' lang='lat' dir='ltr'>ut</span> 
     </span>
     <span class='ocr_line' id='line_1_14' title="bbox 213 1287 2670 1396; baseline 0.004 -33"><span class='ocrx_word' id='word_1_125' title='bbox 213 1294 365 1369; x_wconf 89' lang='lat' dir='ltr'>idola</span> <span class='ocrx_word' id='word_1_126' title='bbox 387 1293 852 1393; x_wconf 87' lang='lat' dir='ltr'>superstitiose</span> <span class='ocrx_word' id='word_1_127' title='bbox 878 1295 1115 1369; x_wconf 88' lang='lat' dir='ltr'>colant</span> <span class='ocrx_word' id='word_1_128' title='bbox 1132 1352 1154 1386; x_wconf 90' lang='lat'>‚</span> <span class='ocrx_word' id='word_1_129' title='bbox 1178 1292 1301 1391; x_wconf 88' lang='lat' dir='ltr'>qui</span> <span class='ocrx_word' id='word_1_130' title='bbox 1324 1287 1636 1368; x_wconf 82' lang='lat' dir='ltr'>{imiliter</span> <span class='ocrx_word' id='word_1_131' title='bbox 1656 1294 2128 1370; x_wconf 85' lang='lat' dir='ltr'>idololatriam</span> <span class='ocrx_word' id='word_1_132' title='bbox 2154 1318 2670 1396; x_wconf 59' lang='lat' dir='ltr'>quantamcunf</span> 
     </span>
     <span class='ocr_line' id='line_1_15' title="bbox 206 1390 2664 1493; baseline 0.002 -28"><span class='ocrx_word' id='word_1_133' title='bbox 206 1416 323 1489; x_wconf 85' lang='lat' dir='ltr'>que</span> <span class='ocrx_word' id='word_1_134' title='bbox 358 1394 802 1466; x_wconf 87' lang='lat' dir='ltr'>committere</span> <span class='ocrx_word' id='word_1_135' title='bbox 846 1390 1135 1490; x_wconf 91' lang='lat' dir='ltr'>possunt</span> <span class='ocrx_word' id='word_1_136' title='bbox 1172 1414 1566 1489; x_wconf 87' lang='lat' dir='ltr'>quanquam</span> <span class='ocrx_word' id='word_1_137' title='bbox 1606 1416 1833 1493; x_wconf 87' lang='lat' dir='ltr'>genua</span> <span class='ocrx_word' id='word_1_138' title='bbox 1876 1417 2236 1493; x_wconf 88' lang='lat' dir='ltr'>nunquam</span> <span class='ocrx_word' id='word_1_139' title='bbox 2271 1395 2664 1471; x_wconf 62' lang='lat' dir='ltr'>flecterent.</span> 
     </span>
     <span class='ocr_line' id='line_1_16' title="bbox 206 1486 2664 1593; baseline 0.002 -32"><span class='ocrx_word' id='word_1_140' title='bbox 206 1486 463 1562; x_wconf 85' lang='lat' dir='ltr'>Etenim</span> <span class='ocrx_word' id='word_1_141' title='bbox 501 1490 923 1563; x_wconf 65' lang='lat' dir='ltr'>idololatriae</span> <span class='ocrx_word' id='word_1_142' title='bbox 949 1490 1215 1563; x_wconf 87' lang='lat' dir='ltr'>crimen</span> <span class='ocrx_word' id='word_1_143' title='bbox 1242 1545 1265 1579; x_wconf 87' lang='lat'><strong>,</strong></span> <span class='ocrx_word' id='word_1_144' title='bbox 1310 1486 1602 1593; x_wconf 85' lang='lat' dir='ltr'>perinde</span> <span class='ocrx_word' id='word_1_145' title='bbox 1622 1510 1832 1587; x_wconf 90' lang='lat' dir='ltr'>atque</span> <span class='ocrx_word' id='word_1_146' title='bbox 1869 1506 2036 1565; x_wconf 83' lang='lat' dir='ltr'>vera</span> <span class='ocrx_word' id='word_1_147' title='bbox 2063 1492 2476 1590; x_wconf 79' lang='lat' dir='ltr'>&amp;legitima</span> <span class='ocrx_word' id='word_1_148' title='bbox 2495 1494 2664 1589; x_wconf 57' lang='lat' dir='ltr'>ado:-</span> 
     </span>
     <span class='ocr_line' id='line_1_17' title="bbox 210 1583 2665 1685; baseline 0.004 -30"><span class='ocrx_word' id='word_1_149' title='bbox 210 1587 403 1673; x_wconf 76' lang='lat' dir='ltr'>nitio,</span> <span class='ocrx_word' id='word_1_150' title='bbox 448 1584 665 1660; x_wconf 87' lang='lat' dir='ltr'>solius</span> <span class='ocrx_word' id='word_1_151' title='bbox 695 1586 925 1660; x_wconf 88' lang='lat' dir='ltr'>cordis</span> <span class='ocrx_word' id='word_1_152' title='bbox 951 1610 1132 1685; x_wconf 90' lang='lat' dir='ltr'>opus</span> <span class='ocrx_word' id='word_1_153' title='bbox 1155 1584 1256 1657; x_wconf 88' lang='lat' dir='ltr'>est</span> <span class='ocrx_word' id='word_1_154' title='bbox 1287 1640 1311 1675; x_wconf 84' lang='lat'><strong>,</strong></span> <span class='ocrx_word' id='word_1_155' title='bbox 1363 1586 1439 1659; x_wconf 85' lang='lat'>&amp;</span> <span class='ocrx_word' id='word_1_156' title='bbox 1477 1583 1552 1657; x_wconf 90' lang='lat' dir='ltr'>in</span> <span class='ocrx_word' id='word_1_157' title='bbox 1587 1588 1803 1659; x_wconf 85' lang='lat' dir='ltr'>corde</span> <span class='ocrx_word' id='word_1_158' title='bbox 1824 1586 2117 1662; x_wconf 87' lang='lat' dir='ltr'>refidet:</span> <span class='ocrx_word' id='word_1_159' title='bbox 2175 1610 2458 1663; x_wconf 81' lang='lat' dir='ltr'>externa</span> <span class='ocrx_word' id='word_1_160' title='bbox 2497 1588 2665 1664; x_wconf 75' lang='lat' dir='ltr'>vcro</span> 
     </span>
     <span class='ocr_line' id='line_1_18' title="bbox 209 1680 2662 1795; baseline 0.002 -42"><span class='ocrx_word' id='word_1_161' title='bbox 209 1682 651 1781; x_wconf 79' lang='lat' dir='ltr'>omniafigna</span> <span class='ocrx_word' id='word_1_162' title='bbox 683 1702 953 1755; x_wconf 86' lang='lat' dir='ltr'>tantum</span> <span class='ocrx_word' id='word_1_163' title='bbox 999 1680 1298 1777; x_wconf 88' lang='lat' dir='ltr'>ejusdem</span> <span class='ocrx_word' id='word_1_164' title='bbox 1341 1680 1544 1767; x_wconf 91' lang='lat' dir='ltr'>sunt,</span> <span class='ocrx_word' id='word_1_165' title='bbox 1590 1706 1809 1783; x_wconf 90' lang='lat' dir='ltr'>eaque</span> <span class='ocrx_word' id='word_1_166' title='bbox 1839 1684 2040 1757; x_wconf 89' lang='lat' dir='ltr'>valde</span> <span class='ocrx_word' id='word_1_167' title='bbox 2075 1684 2402 1795; x_wconf 84' lang='lat' dir='ltr'>ambigua</span> <span class='ocrx_word' id='word_1_168' title='bbox 2431 1744 2452 1778; x_wconf 93' lang='lat'><strong>,</strong></span> <span class='ocrx_word' id='word_1_169' title='bbox 2500 1710 2662 1783; x_wconf 64' lang='lat' dir='ltr'>quae</span> 
     </span>
     <span class='ocr_line' id='line_1_19' title="bbox 210 1774 2736 1877; baseline 0.001 -26"><span class='ocrx_word' id='word_1_170' title='bbox 210 1780 275 1851; x_wconf 85' lang='lat'>&amp;</span> <span class='ocrx_word' id='word_1_171' title='bbox 302 1779 443 1853; x_wconf 87' lang='lat' dir='ltr'>fieri</span> <span class='ocrx_word' id='word_1_172' title='bbox 484 1778 774 1877; x_wconf 70' lang='lat' dir='ltr'>possunt</span> <span class='ocrx_word' id='word_1_173' title='bbox 818 1836 840 1871; x_wconf 85' lang='lat'><strong>,</strong></span> <span class='ocrx_word' id='word_1_174' title='bbox 892 1780 967 1852; x_wconf 84' lang='lat'>&amp;</span> <span class='ocrx_word' id='word_1_175' title='bbox 1002 1778 1235 1853; x_wconf 86' lang='lat' dir='ltr'>omitti</span> <span class='ocrx_word' id='word_1_176' title='bbox 1271 1780 1345 1851; x_wconf 82' lang='lat'>&amp;</span> <span class='ocrx_word' id='word_1_177' title='bbox 1374 1779 1602 1853; x_wconf 89' lang='lat' dir='ltr'>modis</span> <span class='ocrx_word' id='word_1_178' title='bbox 1634 1780 2014 1853; x_wconf 86' lang='lat' dir='ltr'>innumeris</span> <span class='ocrx_word' id='word_1_179' title='bbox 2053 1782 2296 1854; x_wconf 75' lang='lat' dir='ltr'>variari</span> <span class='ocrx_word' id='word_1_180' title='bbox 2334 1780 2478 1875; x_wconf 77' lang='lat' dir='ltr'>fine</span> <span class='ocrx_word' id='word_1_181' title='bbox 2512 1783 2663 1871; x_wconf 79' lang='lat' dir='ltr'>ullo</span> <span class='ocrx_word' id='word_1_182' title='bbox 2720 1774 2736 1797; x_wconf 30' lang='grc' dir='ltr'>χ</span> 
     </span>
     <span class='ocr_line' id='line_1_20' title="bbox 208 1870 2734 1973; baseline 0.002 -24"><span class='ocrx_word' id='word_1_183' title='bbox 208 1877 463 1950; x_wconf 79' lang='lat' dir='ltr'>crimine</span> <span class='ocrx_word' id='word_1_184' title='bbox 489 1934 514 1967; x_wconf 88' lang='lat'>‚</span> <span class='ocrx_word' id='word_1_185' title='bbox 569 1870 910 1973; x_wconf 72' lang='lat' dir='ltr'>fi‘quidem</span> <span class='ocrx_word' id='word_1_186' title='bbox 944 1900 1070 1948; x_wconf 87' lang='lat' dir='ltr'>cor</span> <span class='ocrx_word' id='word_1_187' title='bbox 1102 1874 1259 1949; x_wconf 90' lang='lat' dir='ltr'>Deo</span> <span class='ocrx_word' id='word_1_188' title='bbox 1294 1872 1678 1963; x_wconf 76' lang='lat' dir='ltr'>adhaereat3</span> <span class='ocrx_word' id='word_1_189' title='bbox 1730 1873 1846 1949; x_wconf 89' lang='lat' dir='ltr'>sed</span> <span class='ocrx_word' id='word_1_190' title='bbox 1871 1878 1946 1949; x_wconf 84' lang='lat'>&amp;</span> <span class='ocrx_word' id='word_1_191' title='bbox 1972 1875 2112 1950; x_wconf 84' lang='lat' dir='ltr'>fine</span> <span class='ocrx_word' id='word_1_192' title='bbox 2136 1880 2329 1955; x_wconf 89' lang='lat' dir='ltr'>omni</span> <span class='ocrx_word' id='word_1_193' title='bbox 2355 1880 2662 1973; x_wconf 85' lang='lat' dir='ltr'>virtute,</span> <span class='ocrx_word' id='word_1_194' title='bbox 2731 1905 2734 1911; x_wconf 63' lang='lat'>²</span> 
     </span>
     <span class='ocr_line' id='line_1_21' title="bbox 208 1968 2668 2070; baseline 0.002 -26"><span class='ocrx_word' id='word_1_195' title='bbox 208 1968 253 2044; x_wconf 85' lang='lat' dir='ltr'>fi</span> <span class='ocrx_word' id='word_1_196' title='bbox 276 1998 386 2049; x_wconf 91' lang='lat' dir='ltr'>cor</span> <span class='ocrx_word' id='word_1_197' title='bbox 414 1972 453 2047; x_wconf 70' lang='lat' dir='ltr'>a</span> <span class='ocrx_word' id='word_1_198' title='bbox 491 1974 657 2047; x_wconf 91' lang='lat' dir='ltr'>Deo</span> <span class='ocrx_word' id='word_1_199' title='bbox 692 1974 997 2046; x_wconf 85' lang='lat' dir='ltr'>alienum</span> <span class='ocrx_word' id='word_1_200' title='bbox 1038 1970 1146 2045; x_wconf 88' lang='lat' dir='ltr'>fit.</span> <span class='ocrx_word' id='word_1_201' title='bbox 1215 1972 1399 2045; x_wconf 89' lang='lat' dir='ltr'>Non</span> <span class='ocrx_word' id='word_1_202' title='bbox 1428 1971 1675 2045; x_wconf 90' lang='lat' dir='ltr'>desunt</span> <span class='ocrx_word' id='word_1_203' title='bbox 1692 1972 1816 2069; x_wconf 89' lang='lat' dir='ltr'>qui</span> <span class='ocrx_word' id='word_1_204' title='bbox 1857 1974 2179 2070; x_wconf 84' lang='lat' dir='ltr'>quotidie</span> <span class='ocrx_word' id='word_1_205' title='bbox 2207 1976 2443 2048; x_wconf 89' lang='lat' dir='ltr'>Deum</span> <span class='ocrx_word' id='word_1_206' title='bbox 2468 1976 2668 2049; x_wconf 85' lang='lat' dir='ltr'>theo-</span> 
     </span>
     <span class='ocr_line' id='line_1_22' title="bbox 206 2064 2664 2169; baseline 0.004 -31"><span class='ocrx_word' id='word_1_207' title='bbox 206 2072 394 2147; x_wconf 83' lang='lat' dir='ltr'>retice</span> <span class='ocrx_word' id='word_1_208' title='bbox 432 2070 861 2169; x_wconf 83' lang='lat' dir='ltr'>cogitando,</span> <span class='ocrx_word' id='word_1_209' title='bbox 912 2092 1143 2165; x_wconf 85' lang='lat' dir='ltr'>genua</span> <span class='ocrx_word' id='word_1_210' title='bbox 1170 2064 1467 2147; x_wconf 61' lang='lat' dir='ltr'>flectunt</span> <span class='ocrx_word' id='word_1_211' title='bbox 1506 2118 1529 2159; x_wconf 90' lang='lat'><strong>,</strong></span> <span class='ocrx_word' id='word_1_212' title='bbox 1595 2069 1763 2142; x_wconf 89' lang='lat' dir='ltr'>licet</span> <span class='ocrx_word' id='word_1_213' title='bbox 1805 2070 2078 2143; x_wconf 85' lang='lat' dir='ltr'>nullum</span> <span class='ocrx_word' id='word_1_214' title='bbox 2131 2080 2436 2167; x_wconf 84' lang='lat' dir='ltr'>unquam</span> <span class='ocrx_word' id='word_1_215' title='bbox 2479 2098 2664 2150; x_wconf 85' lang='lat' dir='ltr'>verae</span> 
     </span>
     <span class='ocr_line' id='line_1_23' title="bbox 204 2163 2664 2265; baseline 0.002 -26"><span class='ocrx_word' id='word_1_216' title='bbox 204 2166 597 2242; x_wconf 76' lang='lat' dir='ltr'>adorationis</span> <span class='ocrx_word' id='word_1_217' title='bbox 618 2166 848 2240; x_wconf 67' lang='lat' dir='ltr'>aetum</span> <span class='ocrx_word' id='word_1_218' title='bbox 873 2164 1399 2239; x_wconf 82' lang='lat' dir='ltr'>efformaverint</span> <span class='ocrx_word' id='word_1_219' title='bbox 1428 2192 1444 2236; x_wconf 75' lang='grc' dir='ltr'><strong><em>ε</em></strong></span> <span class='ocrx_word' id='word_1_220' title='bbox 1505 2191 1634 2239; x_wconf 90' lang='lat' dir='ltr'>nec</span> <span class='ocrx_word' id='word_1_221' title='bbox 1660 2163 1910 2239; x_wconf 86' lang='lat' dir='ltr'>desunt</span> <span class='ocrx_word' id='word_1_222' title='bbox 1931 2169 2054 2265; x_wconf 90' lang='lat' dir='ltr'>qui</span> <span class='ocrx_word' id='word_1_223' title='bbox 2091 2169 2451 2265; x_wconf 82' lang='lat' dir='ltr'>proximos</span> <span class='ocrx_word' id='word_1_224' title='bbox 2477 2168 2664 2263; x_wconf 82' lang='lat' dir='ltr'>suos,</span> 
     </span>
     <span class='ocr_line' id='line_1_24' title="bbox 252 2260 2665 2361; baseline 0.002 -25"><span class='ocrx_word' id='word_1_225' title='bbox 252 2265 313 2336; x_wconf 80' lang='lat' dir='ltr'>ui</span> <span class='ocrx_word' id='word_1_226' title='bbox 332 2262 503 2340; x_wconf 87' lang='lat' dir='ltr'>forte</span> <span class='ocrx_word' id='word_1_227' title='bbox 517 2264 603 2340; x_wconf 87' lang='lat' dir='ltr'>ad</span> <span class='ocrx_word' id='word_1_228' title='bbox 637 2264 1007 2361; x_wconf 87' lang='lat' dir='ltr'>opiniones</span> <span class='ocrx_word' id='word_1_229' title='bbox 1030 2262 1177 2338; x_wconf 89' lang='lat' dir='ltr'>suas</span> <span class='ocrx_word' id='word_1_230' title='bbox 1197 2261 1332 2336; x_wconf 91' lang='lat' dir='ltr'>sese</span> <span class='ocrx_word' id='word_1_231' title='bbox 1356 2288 1496 2336; x_wconf 92' lang='lat' dir='ltr'>non</span> <span class='ocrx_word' id='word_1_232' title='bbox 1522 2260 2010 2354; x_wconf 76' lang='lat' dir='ltr'>conformant,</span> <span class='ocrx_word' id='word_1_233' title='bbox 2061 2262 2478 2340; x_wconf 81' lang='lat' dir='ltr'>idololatriae</span> <span class='ocrx_word' id='word_1_234' title='bbox 2509 2290 2665 2342; x_wconf 87' lang='lat' dir='ltr'>reos</span> 
     </span>
     <span class='ocr_line' id='line_1_25' title="bbox 206 2284 2664 2460; baseline 0.001 -26"><span class='ocrx_word' id='word_1_235' title='bbox 206 2284 487 2452; x_wconf 57' lang='lat' dir='ltr'>licium,</span> <span class='ocrx_word' id='word_1_236' title='bbox 538 2361 803 2460; x_wconf 83' lang='lat' dir='ltr'>quibus</span> <span class='ocrx_word' id='word_1_237' title='bbox 839 2363 1071 2434; x_wconf 84' lang='lat' dir='ltr'>tamen</span> <span class='ocrx_word' id='word_1_238' title='bbox 1106 2359 1247 2435; x_wconf 85' lang='lat' dir='ltr'>suae</span> <span class='ocrx_word' id='word_1_239' title='bbox 1275 2361 1641 2458; x_wconf 82' lang='lat' dir='ltr'>opiniones</span> <span class='ocrx_word' id='word_1_240' title='bbox 1670 2386 1749 2434; x_wconf 89' lang='lat' dir='ltr'>ac</span> <span class='ocrx_word' id='word_1_241' title='bbox 1783 2359 2144 2436; x_wconf 77' lang='lat' dir='ltr'>sententiae</span> <span class='ocrx_word' id='word_1_242' title='bbox 2167 2386 2330 2460; x_wconf 87' lang='lat' dir='ltr'>quas</span> <span class='ocrx_word' id='word_1_243' title='bbox 2353 2361 2664 2460; x_wconf 75' lang='lat' dir='ltr'>sequun-</span> 
     </span>
     <span class='ocr_line' id='line_1_26' title="bbox 206 2454 2657 2556; baseline 0.002 -26"><span class='ocrx_word' id='word_1_244' title='bbox 206 2475 351 2551; x_wconf 82' lang='lat' dir='ltr'>tur,</span> <span class='ocrx_word' id='word_1_245' title='bbox 397 2458 743 2556; x_wconf 84' lang='lat' dir='ltr'>favorque</span> <span class='ocrx_word' id='word_1_246' title='bbox 770 2457 1073 2556; x_wconf 87' lang='lat' dir='ltr'>partium</span> <span class='ocrx_word' id='word_1_247' title='bbox 1108 2456 1362 2554; x_wconf 89' lang='lat' dir='ltr'>quibus</span> <span class='ocrx_word' id='word_1_248' title='bbox 1399 2456 1757 2531; x_wconf 83' lang='lat' dir='ltr'>adhaerent</span> <span class='ocrx_word' id='word_1_249' title='bbox 1782 2515 1806 2550; x_wconf 89' lang='lat'><strong>,</strong></span> <span class='ocrx_word' id='word_1_250' title='bbox 1855 2454 2212 2531; x_wconf 82' lang='lat' dir='ltr'>veriffi‘ma·</span> <span class='ocrx_word' id='word_1_251' title='bbox 2234 2459 2392 2532; x_wconf 89' lang='lat' dir='ltr'>sunt</span> <span class='ocrx_word' id='word_1_252' title='bbox 2425 2457 2609 2534; x_wconf 88' lang='lat' dir='ltr'>idola</span> <span class='ocrx_word' id='word_1_253' title='bbox 2633 2518 2657 2552; x_wconf 90' lang='lat'><strong>‚</strong></span> 
     </span>
     <span class='ocr_line' id='line_1_27' title="bbox 203 2553 2661 2656; baseline 0 -28"><span class='ocrx_word' id='word_1_254' title='bbox 203 2577 343 2651; x_wconf 85' lang='lat' dir='ltr'>quae</span> <span class='ocrx_word' id='word_1_255' title='bbox 366 2555 529 2630; x_wconf 91' lang='lat' dir='ltr'>Deo</span> <span class='ocrx_word' id='word_1_256' title='bbox 554 2555 679 2654; x_wconf 84' lang='lat' dir='ltr'>ipfi</span> <span class='ocrx_word' id='word_1_257' title='bbox 701 2555 1091 2656; x_wconf 82' lang='lat' dir='ltr'>divinoque</span> <span class='ocrx_word' id='word_1_258' title='bbox 1109 2554 1378 2646; x_wconf 85' lang='lat' dir='ltr'>amori,</span> <span class='ocrx_word' id='word_1_259' title='bbox 1431 2554 1742 2628; x_wconf 84' lang='lat' dir='ltr'>charitati</span> <span class='ocrx_word' id='word_1_260' title='bbox 1767 2602 1794 2644; x_wconf 87' lang='lat'>,</span> <span class='ocrx_word' id='word_1_261' title='bbox 1819 2553 2268 2649; x_wconf 72' lang='lat' dir='ltr'>humilitati,</span> <span class='ocrx_word' id='word_1_262' title='bbox 2312 2556 2504 2654; x_wconf 85' lang='lat' dir='ltr'>paci,</span> <span class='ocrx_word' id='word_1_263' title='bbox 2531 2583 2661 2631; x_wconf 90' lang='lat' dir='ltr'>vo-</span> 
     </span>
    </p>

    <p class='ocr_par' dir='ltr' id='par_1_4' title="bbox 167 2647 2724 3985">
     <span class='ocr_line' id='line_1_28' title="bbox 200 2647 2515 2754; baseline 0.001 -33"><span class='ocrx_word' id='word_1_264' title='bbox 200 2647 577 2754; x_wconf 84' lang='lat' dir='ltr'>luntatique</span> <span class='ocrx_word' id='word_1_265' title='bbox 604 2651 860 2725; x_wconf 80' lang='lat' dir='ltr'>divinae</span> <span class='ocrx_word' id='word_1_266' title='bbox 893 2671 1355 2751; x_wconf 23' lang='lat' dir='ltr'>anteponunt..</span> <span class='ocrx_word' id='word_1_267' title='bbox 2503 2673 2515 2684; x_wconf 90' lang='lat'><strong>·</strong></span> 
     </span>
     <span class='ocr_line' id='line_1_29' title="bbox 277 2745 2722 2854; baseline -0.003 -32"><span class='ocrx_word' id='word_1_268' title='bbox 277 2749 556 2854; x_wconf 63' lang='lat' dir='ltr'>Ergoss</span> <span class='ocrx_word' id='word_1_269' title='bbox 649 2752 747 2821; x_wconf 88' lang='lat' dir='ltr'>uis</span> <span class='ocrx_word' id='word_1_270' title='bbox 781 2747 1017 2822; x_wconf 87' lang='lat' dir='ltr'>animo</span> <span class='ocrx_word' id='word_1_271' title='bbox 1056 2747 1243 2822; x_wconf 64' lang='lat' dir='ltr'>reete</span> <span class='ocrx_word' id='word_1_272' title='bbox 1270 2769 1439 2846; x_wconf 86' lang='lat' dir='ltr'>erga</span> <span class='ocrx_word' id='word_1_273' title='bbox 1474 2747 1709 2821; x_wconf 86' lang='lat' dir='ltr'>Deum</span> <span class='ocrx_word' id='word_1_274' title='bbox 1756 2745 2003 2820; x_wconf 53' lang='lat' dir='ltr'>affecto</span> <span class='ocrx_word' id='word_1_275' title='bbox 2057 2767 2238 2822; x_wconf 86' lang='lat' dir='ltr'>ratus</span> <span class='ocrx_word' id='word_1_276' title='bbox 2291 2745 2657 2824; x_wconf 80' lang='lat' dir='ltr'>Sacratiff-</span> <span class='ocrx_word' id='word_1_277' title='bbox 2707 2789 2722 2815; x_wconf 83' lang='lat'><strong>.</strong></span> 
     </span>
     <span class='ocr_line' id='line_1_30' title="bbox 198 2773 2652 2944; baseline 0 -26"><span class='ocrx_word' id='word_1_278' title='bbox 198 2869 363 2920; x_wconf 85' lang='lat' dir='ltr'>mam</span> <span class='ocrx_word' id='word_1_279' title='bbox 395 2849 542 2944; x_wconf 87' lang='lat' dir='ltr'>ejus</span> <span class='ocrx_word' id='word_1_280' title='bbox 576 2773 1111 2919; x_wconf 52' lang='lat' dir='ltr'>{inmanitatem</span> <span class='ocrx_word' id='word_1_281' title='bbox 1152 2845 1227 2918; x_wconf 88' lang='lat' dir='ltr'>in</span> <span class='ocrx_word' id='word_1_282' title='bbox 1263 2871 1346 2918; x_wconf 88' lang='lat' dir='ltr'>eo</span> <span class='ocrx_word' id='word_1_283' title='bbox 1382 2845 1539 2917; x_wconf 93' lang='lat' dir='ltr'>loco</span> <span class='ocrx_word' id='word_1_284' title='bbox 1572 2845 1641 2918; x_wconf 91' lang='lat' dir='ltr'>in</span> <span class='ocrx_word' id='word_1_285' title='bbox 1684 2869 1826 2942; x_wconf 92' lang='lat' dir='ltr'>quo</span> <span class='ocrx_word' id='word_1_286' title='bbox 1863 2844 2226 2917; x_wconf 84' lang='lat' dir='ltr'>forte¹non</span> <span class='ocrx_word' id='word_1_287' title='bbox 2261 2846 2359 2918; x_wconf 89' lang='lat' dir='ltr'>est</span> <span class='ocrx_word' id='word_1_288' title='bbox 2397 2905 2420 2937; x_wconf 91' lang='lat'><strong>,</strong></span> <span class='ocrx_word' id='word_1_289' title='bbox 2472 2873 2652 2944; x_wconf 82' lang='lat' dir='ltr'>prae-</span> 
     </span>
     <span class='ocr_line' id='line_1_31' title="bbox 194 2939 2653 3040; baseline 0.001 -26"><span class='ocrx_word' id='word_1_290' title='bbox 194 2939 439 3018; x_wconf 86' lang='lat' dir='ltr'>sentem</span> <span class='ocrx_word' id='word_1_291' title='bbox 466 2942 691 3016; x_wconf 80' lang='lat' dir='ltr'>adefl&#39;e</span> <span class='ocrx_word' id='word_1_292' title='bbox 712 2995 734 3028; x_wconf 90' lang='lat'>‚</span> <span class='ocrx_word' id='word_1_293' title='bbox 780 2961 1061 3014; x_wconf 78' lang='lat' dir='ltr'>externe</span> <span class='ocrx_word' id='word_1_294' title='bbox 1096 2939 1233 3014; x_wconf 92' lang='lat' dir='ltr'>sese</span> <span class='ocrx_word' id='word_1_295' title='bbox 1264 2941 1411 3014; x_wconf 92' lang='lat' dir='ltr'>illic</span> <span class='ocrx_word' id='word_1_296' title='bbox 1438 2942 1828 3038; x_wconf 84' lang='lat' dir='ltr'>prosternat</span> <span class='ocrx_word' id='word_1_297' title='bbox 1855 2965 1933 3015; x_wconf 84' lang='lat' dir='ltr'>ac</span> <span class='ocrx_word' id='word_1_298' title='bbox 1967 2964 2194 3040; x_wconf 82' lang='lat' dir='ltr'>genua</span> <span class='ocrx_word' id='word_1_299' title='bbox 2216 2941 2480 3034; x_wconf 65' lang='lat' dir='ltr'>flectat,</span> <span class='ocrx_word' id='word_1_300' title='bbox 2503 2943 2653 3016; x_wconf 82' lang='lat' dir='ltr'>ille-</span> 
     </span>
     <span class='ocr_line' id='line_1_32' title="bbox 167 3037 2657 3132; baseline 0.002 -22"><span class='ocrx_word' id='word_1_301' title='bbox 167 3061 271 3111; x_wconf 23' lang='lat' dir='ltr'>‘ne</span> <span class='ocrx_word' id='word_1_302' title='bbox 298 3039 433 3112; x_wconf 89' lang='lat' dir='ltr'>hoc</span> <span class='ocrx_word' id='word_1_303' title='bbox 458 3037 751 3115; x_wconf 89' lang='lat' dir='ltr'>nomine</span> <span class='ocrx_word' id='word_1_304' title='bbox 785 3037 1195 3126; x_wconf 81' lang='lat' dir='ltr'>idololatriae</span> <span class='ocrx_word' id='word_1_305' title='bbox 1229 3063 1385 3111; x_wconf 88' lang='lat' dir='ltr'>reus</span> <span class='ocrx_word' id='word_1_306' title='bbox 1425 3037 1557 3110; x_wconf 88' lang='lat' dir='ltr'>erit</span> <span class='ocrx_word' id='word_1_307' title='bbox 1600 3038 1976 3110; x_wconf 85' lang='lat' dir='ltr'>censendus</span> <span class='ocrx_word' id='word_1_308' title='bbox 2006 3038 2037 3110; x_wconf 84' lang='lat'>?</span> <span class='ocrx_word' id='word_1_309' title='bbox 2091 3037 2275 3132; x_wconf 83' lang='lat' dir='ltr'>Quis</span> <span class='ocrx_word' id='word_1_310' title='bbox 2297 3037 2468 3112; x_wconf 75' lang='lat' dir='ltr'>vero</span> <span class='ocrx_word' id='word_1_311' title='bbox 2507 3065 2657 3117; x_wconf 87' lang='lat' dir='ltr'>non</span> 
     </span>
     <span class='ocr_line' id='line_1_33' title="bbox 194 3130 2654 3234; baseline 0.001 -29"><span class='ocrx_word' id='word_1_312' title='bbox 194 3135 371 3210; x_wconf 86' lang='lat' dir='ltr'>videt</span> <span class='ocrx_word' id='word_1_313' title='bbox 400 3135 471 3208; x_wconf 91' lang='lat' dir='ltr'>id</span> <span class='ocrx_word' id='word_1_314' title='bbox 506 3135 799 3212; x_wconf 83' lang='lat' dir='ltr'>omnino</span> <span class='ocrx_word' id='word_1_315' title='bbox 831 3131 1227 3234; x_wconf 83' lang='lat' dir='ltr'>negandum</span> <span class='ocrx_word' id='word_1_316' title='bbox 1258 3134 1425 3208; x_wconf 69' lang='lat' dir='ltr'>estc?</span> <span class='ocrx_word' id='word_1_317' title='bbox 1474 3133 1737 3232; x_wconf 87' lang='lat' dir='ltr'>quippe</span> <span class='ocrx_word' id='word_1_318' title='bbox 1761 3130 1922 3206; x_wconf 69' lang='lat' dir='ltr'>cum</span> <span class='ocrx_word' id='word_1_319' title='bbox 1950 3131 2094 3208; x_wconf 90' lang='lat' dir='ltr'>solo</span> <span class='ocrx_word' id='word_1_320' title='bbox 2120 3131 2374 3226; x_wconf 81' lang='lat' dir='ltr'>corde,</span> <span class='ocrx_word' id='word_1_321' title='bbox 2409 3136 2512 3208; x_wconf 89' lang='lat' dir='ltr'>uti</span> <span class='ocrx_word' id='word_1_322' title='bbox 2539 3137 2654 3209; x_wconf 87' lang='lat' dir='ltr'>vi·</span> 
     </span>
     <span class='ocr_line' id='line_1_34' title="bbox 194 3229 2653 3330; baseline 0 -24"><span class='ocrx_word' id='word_1_323' title='bbox 194 3229 403 3309; x_wconf 82' lang='lat' dir='ltr'>dimus</span> <span class='ocrx_word' id='word_1_324' title='bbox 428 3291 453 3326; x_wconf 88' lang='lat'>‚</span> <span class='ocrx_word' id='word_1_325' title='bbox 504 3257 652 3306; x_wconf 86' lang='lat' dir='ltr'>non</span> <span class='ocrx_word' id='word_1_326' title='bbox 683 3254 919 3306; x_wconf 81' lang='lat' dir='ltr'>autem</span> <span class='ocrx_word' id='word_1_327' title='bbox 954 3229 1257 3330; x_wconf 83' lang='lat' dir='ltr'>gestibus</span> <span class='ocrx_word' id='word_1_328' title='bbox 1294 3229 1608 3328; x_wconf 86' lang='lat' dir='ltr'>corporis</span> <span class='ocrx_word' id='word_1_329' title='bbox 1634 3281 1658 3319; x_wconf 84' lang='lat'>‚</span> <span class='ocrx_word' id='word_1_330' title='bbox 1710 3230 2020 3304; x_wconf 86' lang='lat' dir='ltr'>adoratio</span> <span class='ocrx_word' id='word_1_331' title='bbox 2065 3255 2220 3304; x_wconf 88' lang='lat' dir='ltr'>vera</span> <span class='ocrx_word' id='word_1_332' title='bbox 2272 3235 2348 3312; x_wconf 72' lang='grc' dir='ltr'>ὅτ.</span> <span class='ocrx_word' id='word_1_333' title='bbox 2383 3233 2653 3307; x_wconf 87' lang='lat' dir='ltr'>interna</span> 
     </span>
     <span class='ocr_line' id='line_1_35' title="bbox 195 3324 2652 3424; baseline 0.001 -22"><span class='ocrx_word' id='word_1_334' title='bbox 195 3325 308 3402; x_wconf 77' lang='lat' dir='ltr'>fiat</span> <span class='ocrx_word' id='word_1_335' title='bbox 332 3386 355 3420; x_wconf 91' lang='lat'>,</span> <span class='ocrx_word' id='word_1_336' title='bbox 404 3331 528 3406; x_wconf 75' lang='lat' dir='ltr'>hic</span> <span class='ocrx_word' id='word_1_337' title='bbox 561 3347 796 3402; x_wconf 87' lang='lat' dir='ltr'>autem</span> <span class='ocrx_word' id='word_1_338' title='bbox 827 3351 952 3412; x_wconf 88' lang='lat' dir='ltr'>cor</span> <span class='ocrx_word' id='word_1_339' title='bbox 984 3326 1211 3424; x_wconf 83' lang='lat' dir='ltr'>ipsum</span> <span class='ocrx_word' id='word_1_340' title='bbox 1234 3327 1666 3423; x_wconf 79' lang='lat' dir='ltr'>intentione,</span> <span class='ocrx_word' id='word_1_341' title='bbox 1714 3350 1946 3399; x_wconf 84' lang='lat' dir='ltr'>amore</span> <span class='ocrx_word' id='word_1_342' title='bbox 1971 3376 1996 3414; x_wconf 89' lang='lat'><strong>‚</strong></span> <span class='ocrx_word' id='word_1_343' title='bbox 2046 3324 2298 3401; x_wconf 48' lang='lat' dir='ltr'>affeetu</span> <span class='ocrx_word' id='word_1_344' title='bbox 2321 3387 2342 3420; x_wconf 90' lang='lat'>‚</span> <span class='ocrx_word' id='word_1_345' title='bbox 2377 3329 2518 3402; x_wconf 89' lang='lat' dir='ltr'>fide</span> <span class='ocrx_word' id='word_1_346' title='bbox 2535 3332 2652 3422; x_wconf 71' lang='lat' dir='ltr'>,Sc</span> 
     </span>
     <span class='ocr_line' id='line_1_36' title="bbox 190 3421 2652 3522; baseline 0.002 -27"><span class='ocrx_word' id='word_1_347' title='bbox 190 3421 295 3521; x_wconf 85' lang='lat' dir='ltr'>spe</span> <span class='ocrx_word' id='word_1_348' title='bbox 316 3427 477 3502; x_wconf 91' lang='lat' dir='ltr'>Deo</span> <span class='ocrx_word' id='word_1_349' title='bbox 505 3427 867 3506; x_wconf 77' lang='lat' dir='ltr'>adhaereat</span> <span class='ocrx_word' id='word_1_350' title='bbox 872 3449 903 3513; x_wconf 77' lang='lat'>5</span> <span class='ocrx_word' id='word_1_351' title='bbox 952 3422 1139 3498; x_wconf 88' lang='lat' dir='ltr'>solus</span> <span class='ocrx_word' id='word_1_352' title='bbox 1163 3423 1411 3522; x_wconf 86' lang='lat' dir='ltr'>utique</span> <span class='ocrx_word' id='word_1_353' title='bbox 1435 3423 1629 3498; x_wconf 90' lang='lat' dir='ltr'>Deus</span> <span class='ocrx_word' id='word_1_354' title='bbox 1644 3425 1878 3520; x_wconf 88' lang='lat' dir='ltr'>estqui</span> <span class='ocrx_word' id='word_1_355' title='bbox 1901 3423 2014 3496; x_wconf 90' lang='lat' dir='ltr'>hic</span> <span class='ocrx_word' id='word_1_356' title='bbox 2033 3423 2361 3499; x_wconf 84' lang='lat' dir='ltr'>adoratur</span> <span class='ocrx_word' id='word_1_357' title='bbox 2393 3476 2420 3516; x_wconf 85' lang='lat'>‚</span> <span class='ocrx_word' id='word_1_358' title='bbox 2455 3452 2652 3500; x_wconf 89' lang='lat' dir='ltr'>nam-</span> 
     </span>
     <span class='ocr_line' id='line_1_37' title="bbox 190 3518 2658 3620; baseline 0 -24"><span class='ocrx_word' id='word_1_359' title='bbox 190 3543 319 3620; x_wconf 86' lang='lat' dir='ltr'>que</span> <span class='ocrx_word' id='word_1_360' title='bbox 341 3547 469 3598; x_wconf 87' lang='lat' dir='ltr'>cor</span> <span class='ocrx_word' id='word_1_361' title='bbox 494 3525 741 3598; x_wconf 89' lang='lat' dir='ltr'>Deum</span> <span class='ocrx_word' id='word_1_362' title='bbox 768 3521 993 3594; x_wconf 89' lang='lat' dir='ltr'>solum</span> <span class='ocrx_word' id='word_1_363' title='bbox 1022 3521 1287 3619; x_wconf 82' lang='lat' dir='ltr'>cogitat</span> <span class='ocrx_word' id='word_1_364' title='bbox 1310 3523 1384 3596; x_wconf 71' lang='grc' dir='ltr'>δί</span> <span class='ocrx_word' id='word_1_365' title='bbox 1405 3541 1613 3598; x_wconf 84' lang='lat' dir='ltr'>amat.</span> <span class='ocrx_word' id='word_1_366' title='bbox 1712 3518 1926 3594; x_wconf 90' lang='lat' dir='ltr'>Nihil</span> <span class='ocrx_word' id='word_1_367' title='bbox 1953 3519 2231 3618; x_wconf 80' lang='lat' dir='ltr'>prorsus</span> <span class='ocrx_word' id='word_1_368' title='bbox 2258 3523 2372 3595; x_wconf 83' lang='lat' dir='ltr'>hic</span> <span class='ocrx_word' id='word_1_369' title='bbox 2408 3548 2658 3620; x_wconf 58' lang='lat' dir='ltr'>pecca-2</span> 
     </span>
     <span class='ocr_line' id='line_1_38' title="bbox 189 3615 2653 3714; baseline -0 -24"><span class='ocrx_word' id='word_1_370' title='bbox 189 3639 365 3694; x_wconf 86' lang='lat' dir='ltr'>retur</span> <span class='ocrx_word' id='word_1_371' title='bbox 396 3617 526 3694; x_wconf 85' lang='lat' dir='ltr'>m&#39;fi</span> <span class='ocrx_word' id='word_1_372' title='bbox 611 3617 755 3694; x_wconf 91' lang='lat' dir='ltr'>uod</span> <span class='ocrx_word' id='word_1_373' title='bbox 785 3617 1019 3691; x_wconf 86' lang='lat' dir='ltr'>saltem</span> <span class='ocrx_word' id='word_1_374' title='bbox 1055 3643 1248 3692; x_wconf 90' lang='lat' dir='ltr'>error</span> <span class='ocrx_word' id='word_1_375' title='bbox 1281 3615 1483 3705; x_wconf 66' lang='lat' dir='ltr'>faeti,</span> <span class='ocrx_word' id='word_1_376' title='bbox 1534 3617 1745 3714; x_wconf 81' lang='lat' dir='ltr'>qu&#39;em</span> <span class='ocrx_word' id='word_1_377' title='bbox 1783 3619 2080 3710; x_wconf 82' lang='lat' dir='ltr'>vocant,</span> <span class='ocrx_word' id='word_1_378' title='bbox 2120 3617 2235 3690; x_wconf 91' lang='lat' dir='ltr'>hic</span> <span class='ocrx_word' id='word_1_379' title='bbox 2269 3619 2653 3694; x_wconf 87' lang='lat' dir='ltr'>interveni-</span> 
     </span>
     <span class='ocr_line' id='line_1_39' title="bbox 192 3643 2724 3816; baseline -0 -27"><span class='ocrx_word' id='word_1_380' title='bbox 192 3735 287 3790; x_wconf 81' lang='lat' dir='ltr'>ret</span> <span class='ocrx_word' id='word_1_381' title='bbox 332 3715 518 3790; x_wconf 86' lang='lat' dir='ltr'>circa</span> <span class='ocrx_word' id='word_1_382' title='bbox 556 3643 821 3790; x_wconf 76' lang='lat' dir='ltr'>clocum</span> <span class='ocrx_word' id='word_1_383' title='bbox 866 3716 962 3788; x_wconf 69' lang='lat' dir='ltr'>‘co</span> <span class='ocrx_word' id='word_1_384' title='bbox 1052 3714 1189 3788; x_wconf 87' lang='lat' dir='ltr'>oris</span> <span class='ocrx_word' id='word_1_385' title='bbox 1250 3713 1577 3804; x_wconf 83' lang='lat' dir='ltr'>Christi,</span> <span class='ocrx_word' id='word_1_386' title='bbox 1654 3713 1847 3812; x_wconf 87' lang='lat' dir='ltr'>quod</span> <span class='ocrx_word' id='word_1_387' title='bbox 1897 3735 2091 3790; x_wconf 89' lang='lat' dir='ltr'>certo</span> <span class='ocrx_word' id='word_1_388' title='bbox 2146 3716 2218 3785; x_wconf 89' lang='lat' dir='ltr'>in</span> <span class='ocrx_word' id='word_1_389' title='bbox 2255 3715 2468 3806; x_wconf 90' lang='lat' dir='ltr'>loc0‚</span> <span class='ocrx_word' id='word_1_390' title='bbox 2521 3715 2650 3790; x_wconf 91' lang='lat' dir='ltr'>sub</span> <span class='ocrx_word' id='word_1_391' title='bbox 2703 3793 2724 3816; x_wconf 85' lang='lat'><strong>.</strong></span> 
     </span>
     <span class='ocr_line' id='line_1_40' title="bbox 190 3738 2651 3985; baseline 0.001 -100"><span class='ocrx_word' id='word_1_392' title='bbox 190 3829 373 3887; x_wconf 75' lang='lat' dir='ltr'>certo</span> <span class='ocrx_word' id='word_1_393' title='bbox 406 3811 791 3891; x_wconf 86' lang='lat' dir='ltr'>involucro</span> <span class='ocrx_word' id='word_1_394' title='bbox 819 3831 943 3888; x_wconf 86' lang='lat' dir='ltr'>aut</span> <span class='ocrx_word' id='word_1_395' title='bbox 967 3738 1196 3918; x_wconf 53' lang='lat' dir='ltr'>ffiecie</span> <span class='ocrx_word' id='word_1_396' title='bbox 1220 3809 1520 3909; x_wconf 77' lang='lat' dir='ltr'>praeseris</span> <span class='ocrx_word' id='word_1_397' title='bbox 1571 3811 1706 3886; x_wconf 75' lang='lat' dir='ltr'>e&#39;ss‘e</span> <span class='ocrx_word' id='word_1_398' title='bbox 1737 3811 1895 3912; x_wconf 90' lang='lat' dir='ltr'>quis</span> <span class='ocrx_word' id='word_1_399' title='bbox 1928 3809 2351 3914; x_wconf 78' lang='lat' dir='ltr'>existimaret</span> <span class='ocrx_word' id='word_1_400' title='bbox 2385 3869 2408 3904; x_wconf 91' lang='lat'><strong>,</strong></span> <span class='ocrx_word' id='word_1_401' title='bbox 2461 3811 2651 3985; x_wconf 61' lang='grc' dir='ltr'>ιὲἑιάε</span> 
     </span>
     <span class='ocr_line' id='line_1_41' title="bbox 282 3930 2650 3985; baseline 0.002 -5"><span class='ocrx_word' id='word_1_402' title='bbox 282 3961 291 3970; x_wconf 84' lang='grc'><strong><em>.</em></strong></span> <span class='ocrx_word' id='word_1_403' title='bbox 410 3943 421 3950; x_wconf 91' lang='grc'><em>·</em></span> <span class='ocrx_word' id='word_1_404' title='bbox 1436 3932 1489 3981; x_wconf 86' lang='lat' dir='ltr'><strong>x</strong></span> <span class='ocrx_word' id='word_1_405' title='bbox 1534 3930 1587 3980; x_wconf 85' lang='lat' dir='ltr'><strong>x</strong></span> <span class='ocrx_word' id='word_1_406' title='bbox 2291 3975 2297 3981; x_wconf 80' lang='grc'>.,</span> <span class='ocrx_word' id='word_1_407' title='bbox 2565 3935 2650 3985; x_wconf 91' lang='lat' dir='ltr'>eo</span> 
     </span>
    </p>
   </div>
  </div>
 </body>
</html>
