3552 4592
848 128 1045 239 444·
1135 120 3202 213 Iumcuu‘Um'vn-nsnn.Saea-‚Vl
3261 102 3278 115 '
3387 96 3414 121 ο

800 314 807 321 -
872 261 1011 339 Dei
1033 312 1058 353 ,
1106 264 1181 336 &
1218 263 1303 339 ad
1338 266 1611 363 propria
1642 266 1984 361 duntaxat
2013 262 2386 343 commoda
2425 265 2728 363 ipsorum
2753 254 3120 361 Γρεᾶειηὶς
3165 261 3368 369 unde'

871 385 1233 458 nunquam
1286 364 1367 435 iis
1407 360 1958 461 approbantibus
2003 362 2130 437 fiet
2163 382 2242 437 ut
2291 386 2420 434 nos
2458 362 2806 441 mundum
2852 362 2929 435 δε
2961 360 3244 437 divitias
3275 384 3361 435 ac

873 460 1267 555 voluptates
1298 462 1544 535 mundi
1588 448 2150 557 derelinquamus
2182 510 2208 549 ‚
2261 482 2427 555 quas
2465 456 2731 532 tamdiu
2785 456 2890 529 illi
2941 458 3370 557 participant

826 552 1043 628 ‘'dum
1076 565 1202 629 nos
1230 554 1788 655 easpossidemus
1823 579 1906 632 ut
1935 556 2091 655 ipsis
2117 555 2614 655 gratificemur.
2689 554 2905 630 Vides
2940 552 3054 627 hic
3079 554 3362 629 causam

868 648 1079 749 quare
1114 674 1436 750 oporteat
1468 656 1773 728 amicitia
1813 678 2061 727 eorum
2096 653 2462 743 excidere,
2495 649 2833 749 siquidem
2866 653 3159 725 velimus
3209 652 3366 741 Dssi

864 748 1241 823 amicitiam
1274 750 1634 841 invenire,
1682 752 1757 827 &
1787 750 2054 824 bellum
2076 750 2212 823 ho‘c
2239 748 2572 845 suscipere
2601 748 2792 845 quod
2809 745 3002 842 Jesus
3025 748 3362 827 Christus

869 866 1121 920 contra
1156 872 1435 921 carnem
1461 873 1541 922 ac
1569 846 2118 947 consanguineos
2143 844 2406 920 attulit.
2776 902 2779 904 .
3372 856 3389 869 ·

970 965 1081 1039 15.
1134 945 1382 1043 Vulgo
1406 966 1655 1041 putant
1680 1002 1702 1037 ,
1754 944 1949 1019 reete
1971 942 2198 1031 fieri-fi
2230 967 2472 1040 pacem
2509 964 2678 1015 cum
2707 940 2790 1015 iis
2820 942 3355 1032 conservemus3

789 1054 795 1063 ’
831 1042 1056 1141 *quod
1084 1066 1123 1114 e
1178 1068 1223 1115 o
1254 1067 1539 1155 quoque
1574 1042 1833 1139 pariter
1867 1040 2183 1116 concedo
2219 1036 2552 1137 quamdiu
2573 1037 2952 1111 scilicetilh·
2981 1036 3394 1113 nobiscum.
3457 1086 3476 1105 ·
3541 1091 3552 1103 -

864 1134 942 1208 in
971 1138 1078 1210 via
1208 1159 1543 1215 termtatxs
1581 1137 1898 1212 incedere
1942 1138 2214 1211 volent.
2311 1135 2527 1209 Nihil
2563 1136 2640 1209 in
2673 1135 2812 1209 hoc
2839 1134 3104 1214 mundo
3143 1154 3357 1235 opta·

866 1230 1071 1307 bilius
1105 1236 1197 1307 est
1234 1260 1400 1333 pace
1434 1258 1644 1335 atque
1694 1235 2070 1311 concordia
2119 1234 2303 1308 inter
2341 1232 2600 1309 amicos
2649 1252 2858 1327 atque
2897 1232 3352 1331 propinquos.

866 1331 971 1403 At
1000 1333 1279 1427 quando
1316 1332 1581 1407 illi‘nos
1615 1334 1913 1406 retinent
1951 1354 2069 1406 aut
2107 1327 2502 1427 impediunt
2537 1352 2628 1401 ne
2658 1328 3164 1403 AEternitatem
3191 1354 3364 1403 ver-

864 1422 971 1499 sus
1007 1451 1241 1503 eamus
1268 1478 1293 1519 ,
1328 1428 1753 1502 dissblvenffa
1781 1428 2040 1528 estpax
2064 1428 2184 1500 issa
2209 1449 2369 1523 quae
2401 1424 2616 1499 solam
2642 1424 2784 1499 Dei
2811 1425 2986 1499 iram
3011 1450 3362 1524 praenun-

839 1523 999 1600 ‚ciat
1034 1550 1053 1596 ι
1108 1551 1189 1599 ea
1241 1526 1433 1599 enim
1480 1528 1663 1598 inter
1716 1524 1908 1624 signa
1943 1520 2300 1623 plagarum
2337 1519 2848 1597 noviffimarum
2883 1544 3358 1598 annumeran-

836 1637 1015 1717 tur:
1076 1625 1347 1717 Quando
1382 1626 1641 1696 homines
1670 1630 1896 1719 Pacem
1913 1627 2032 1713 fibi
2068 1648 2146 1693 ac
2168 1623 2566 1715 securitatem
2597 1616 2805 1709 dicerit
2847 1618 3110 1730 (inquit
3125 1618 3362 1718 Spiri-

862 1734 976 1789 tus
1008 1720 1133 1803 S.)
1184 1743 1409 1817 tempus
1452 1724 1619 1813 ades}
1668 1725 1848 1792 ruina
1885 1720 2275 1813 univerfhlis.
2367 1714 2568 1809 Idem
2617 1716 2888 1790 accidet
2938 1741 3002 1790 el
3043 1716 3165 1815 qui
3213 1718 3364 1793 iter

862 1814 1313 1902 AEternitatis
1338 1813 1613 1913 suscipit
1638 1872 1661 1905 ‚
1680 1836 1772 1903 ,at
1801 1838 2042 1911 pacem
2065 1812 2728 1908 tamemcontservare
2753 1812 2914 1887 vult
2933 1837 3093 1887 cum
3109 1816 3196 1891 iis
3279 1814 3358 1887 ui

842 1911 1209 1991 ⁸mundum
1250 1913 1483 1986 versus
1509 1911 1862 1985 ambulare
1890 1930 2221 2011 pergunt.
2317 1908 2519 2005 Quin
2545 1910 2778 2007 potius
2809 1910 3076 1985 benum
3099 1911 3206 1985 his
3223 1838 3366 1983 de.-

862 2008 1326 2081 nuntiandum
1352 2010 1450 2083 est
1474 2006 1806 2105 siquidem
1841 2034 1970 2111 nps
1995 2006 2344 2082 retardent
2371 2027 2493 2082 aut
2522 2005 2900 2116 impediant
2919 2032 3006 2080 ne
3029 2006 3372 2083 AEterni-

820 2110 825 2115 ’
866 2125 1079 2179 tatem
1108 2103 1342 2179 versus
1376 2103 1960 2205 progrediamur}
2007 2105 2335 2202 quoniam
2371 2101 2678 2177 amicitia
2707 2126 2954 2199 eorum
2995 2104 3178 2178 tanti
3209 2128 3374 2180 non

864 2202 967 2275 est
994 2249 1021 2289 ‚
1071 2202 1311 2299 quanti
1338 2203 1440 2277 est
1471 2221 1727 2293 aetema
1761 2200 1935 2279 salus
1971 2202 2203 2275 nostra
2226 2257 2251 2300 2
2309 2215 2516 2296 quam
2553 2199 2656 2271 illi
2692 2198 2894 2273 nobis
2925 2200 3084 2275 dare
3119 2199 3368 2276 neuti-

871 2323 1081 2397 quam
1209 2296 1390 2376 ss'unt
1412 2351 1437 2389 ,
1487 2299 1650 2373 licet
1679 2298 1888 2372 iidem
1920 2299 2380 2390 damnationis
2409 2294 2666 2370 nostrae
2704 2296 2970 2375 causam
3003 2295 3206 2372 nobis
3249 2296 3362 2374 fa-

866 2393 1005 2470 cile
1134 2420 1285 2469 erre
1325 2417 1610 2496 queant.
1705 2395 1986 2471 Etenim
2010 2399 2163 2472 haec
2185 2395 2330 2470 duo
2353 2395 2576 2491 capita
2607 2442 2632 2478 ,
2684 2423 2858 2467 annor
2871 2393 3158 2492 ,inquam
3177 2397 3368 2468 divi-

798 2504 833 2572 “,
860 2502 1099 2569 tiaram
1128 2550 1157 2586 ,
1201 2522 1283 2564 ac
1298 2497 1558 2589 stmdinm
1586 2493 1920 2568 hominibus
1943 2493 2238 2596 placendi
2269 2549 2297 2584 ‚
2346 2489 2665 2566 fecerunt
2702 2546 2726 2583 ,
2776 2511 2864 2566 ut
2893 2491 3107 2566 multi
3141 2511 3363 2568 aeter-

786 2639 791 2644 -
865 2585 1039 2678 niun
1074 2591 1404 2688 perierint
1435 2647 1459 2683 ,
1508 2590 1716 2664 etiam
1738 2588 1930 2665 inter
1959 2615 2080 2666 eos
2115 2588 2236 2688 qui
2273 2587 2739 2664 intentionem
2781 2586 3042 2664 bonam
3075 2587 3360 2689 alioqui

848 2685 1287 2765 habuerunt.
1959 2723 1994 2752 ο
2278 2748 2296 2756 ,

896 2787 900 2792 ’
962 2809 989 2856 1
1007 2786 1089 2888 6ὁ
1128 2785 1413 2859 Etenim
1449 2783 1780 2882 tantisper
1807 2783 1978 2858 dum
2015 2782 2287 2858 animus
2309 2781 2545 2858 noster
2567 2779 2776 2858 rebus
2797 2781 2957 2864 ullis
2981 2793 3185 2858 terra:
3215 2784 3361 2860 ad-

848 2879 1005 2953 hue
1049 2881 1446 2956 adhaerescit
1485 2936 1506 2970 ,
1549 2904 1934 2980 nunquam
1991 2879 2352 2978 poffumus·
2391 2876 2892 2957 AEternitatem
2946 2879 3172 2954 versus
3211 2880 3356 2957 ire.

852 2977 1162 3076 Oportet
1195 2979 1593 3058 utomnino'
1625 2968 1964 3059 liberrimi
2001 2975 2210 3052 fimus
2241 3027 2268 3067 ‚
2331 2979 2408 3054 δε
2447 2975 2532 3048 ad
2586 2975 2800 3050 solam
2862 2975 3156 3051 Patriam
3206 3001 3358 3052 no-

852 3075 1065 3149 stram
1094 3075 1361 3150 beatam
1393 3075 1813 3174 adspiremus
1835 3131 1857 3164 ‚
1882 3072 2225 3147 sumentes
2255 3074 2527 3148 interim
2559 3074 2644 3147 ad
2675 3075 2809 3147 iter
2829 3073 3144 3148 nostrum
3171 3097 3355 3150 con-

854 3169 1235 3248 ficiendum
1284 3199 1373 3248 ex
1414 3171 1551 3246 sola
1600 3169 1992 3244 neceffitate
2035 3171 2392 3246 minimam
2431 3194 2638 3268 quam
2676 3169 3030 3267 pofl‘umus
3066 3191 3345 3268 partem

852 3293 1101 3344 eorum
1132 3294 1291 3368 quae
1329 3271 1403 3344 in
1439 3269 1641 3342 terris
1675 3267 1870 3357 sunt·,
1895 3267 2280 3358 minimam,
2316 3269 2632 3365 inquam,
2653 3287 2917 3364 partem
2952 3268 3347 3363 honorum,

852 3363 1275 3466 dignitatum
1312 3425 1338 3459 ,
1388 3365 1834 3466 pecuniarum
1869 3421 1894 3454 ‚
1949 3363 2322 3459 vestigium
2358 3419 2376 3450 ,
2427 3363 2744 3436 ciborum
2767 3387 2852 3438 ac
2872 3383 3120 3461 potus,
3149 3389 3351 3462 quo-

852 3463 933 3537 ad
964 3461 1118 3538 fieri
1154 3463 1381 3562 potest
1410 3489 1425 3534 :
1484 3463 1561 3536 ὃς
1589 3464 1717 3535 hac
1748 3462 2014 3536 ratione
2049 3460 2430 3552 commode
2481 3480 2675 3533 UNA
2727 3459 2986 3534 ibimus
3011 3461 3346 3536 AEterni..

630 3622 657 3650 „
756 3591 777 3612 ·
850 3581 1061 3636 tatem
1096 3560 1323 3635 versus
1349 3615 1371 3650 ‚
1422 3583 1501 3630 ac
1530 3558 1675 3660 iter·
1698 3583 1844 3632 non
1879 3554 2254 3630 difficulter
2278 3557 2758 3632 conficiemus.
2853 3557 3048 3644 Nam
3071 3558 3344 3634 etiamfi

826 3657 1037 3740 Yorte
1072 3658 1147 3730 in
1182 3659 1295 3729 via
1340 3653 1610 3730 labores
1659 3713 1681 3746 ,
1752 3673 1948 3744 curas
1975 3701 2000 3742 ‚
2063 3651 2524 3753 perpeffiones
2558 3711 2580 3746 ,
2647 3655 3050 3728 vexationes
3083 3713 3108 3746 ‚
3157 3679 3341 3730 con-

851 3775 1150 3829 temtum
1178 3799 1201 3844 ,
1254 3753 1573 3851 injurias,
1635 3751 2064 3848 captivitates
2091 3771 2207 3822 aut
2245 3769 2544 3850 mortem
2591 3750 2802 3846 ipsam
2845 3751 3054 3826 fimus
3082 3752 3342 3826 inven-

840 3854 992 3954 turi
1021 3905 1045 3942 ,
1093 3874 1170 3925 ea
1194 3849 1441 3936 omnia
1466 3855 1699 3924 tamen
1738 3849 1816 3923 in
1859 3845 2370 3946 exspe&atione
2401 3845 2758 3926 Beatitatis
2813 3845 3012 3950 hujus
3045 3843 3338 4019 aetirnae

2047 3981 2057 3990 ·
3185 3971 3346 4022 evr-
