3552 4592
982 125 1124 210 De
1150 128 1528 217 oratione.
1638 130 1888 245 Epist.
1948 136 1990 219 1
2007 68 2060 220 Ἰ
2077 136 2141 220 1.
2678 164 2836 253 451

334 265 509 342 sitm
544 290 671 363 per
692 265 1219 366 imaginationes
1244 271 1613 347 hominum
1648 272 1771 361 fit,
1807 295 1892 348 ut
1911 274 2258 365 difficilis,
2309 272 2454 349 imo
2487 272 2661 350 verb
2683 280 2846 375 qui-

348 365 643 440 busdam
680 362 1114 461 impossibilis
1158 368 1518 456 videatur3
1568 396 1653 444 eo
1692 374 1883 467 quod
1933 372 2518 469 nunquam-reste
2553 374 2842 450 detexe-

346 486 521 555 rupt
542 462 719 560 quid
748 465 917 534 iit-o
934 487 988 535 ιι
1009 488 1063 536 A
1080 488 1173 537 ’rx
1196 474 1265 538 o.
1314 468 1463 541 Alii
1500 472 1637 541 hoc
1662 470 1949 541 nomine
1971 469 2336 577 defignant
2357 469 2582 543 multa
2613 496 2660 543 v
2679 497 2726 543 E
2751 498 2844 544 R·
2954 512 2960 515 ·
3071 508 3080 516 κ

350 584 475 634 'A
528 584 716 631 ont:
766 582 811 631 ι»
833 584 949 632 Ro
972 584 1021 631 ι.
1042 584 1234 633 ATA
1284 590 1307 651 3
1370 566 1485 637 alii
1544 565 1712 639 vero
1762 566 2264 664 speculationes
2315 567 2636 665 quasdam
2692 569 2843 662 [aut

350 654 875 746 meditationes]
931 660 1177 732 mentis
1203 718 1227 753 ‚
1274 684 1439 757 quas
1478 684 1732 735 vocant
1757 672 2052 733 orationes
2085 670 2406 735 mentales.
2475 665 2611 736 Sed
2636 667 2839 738 crede

345 754 529 827 mihi
560 776 691 825 nec
712 754 929 827 verba
954 754 1236 852 proprie
1273 810 1296 844 ‚
1344 780 1481 830 nec
1508 758 1872 831 meditatio
1907 760 2321 833 Orationem
2353 761 2790 835 constituunt
2817 790 2838 851 3

346 850 469 925 sed
523 875 572 921 v
594 874 785 923 ERA
836 851 1163 925 Onam
1189 878 1234 925 o
1286 853 1593 928 confistit
1624 856 1697 928 in
1740 854 2128 950 Colloquio
2163 859 2418 931 mentis
2451 882 2592 953 quo
2617 860 2834 931 homo

340 950 441 1021 ad
476 948 713 1021 Deum
751 947 945 1020 suum
986 973 1339 1024 recurrens
1363 1009 1388 1045 ,
1439 948 1654 1049 corde
1684 951 1812 1050 ipfi
1841 953 2148 1051 loquitur
2176 1006 2198 1041 ‚
2246 958 2320 1028 ὃς
2361 957 2536 1051 petit
2567 980 2646 1028 ea
2676 956 2835 1051 qui-

348 1044 487 1119 bus
522 1045 837 1143 indigen
886 1064 1007 1119 aut
1034 1072 1165 1145 pro
1196 1050 1435 1146 yatiis
1474 1046 1682 1145 ipsius
1712 1050 1780 1121 ei
1813 1048 2166 1123 benedicit
2205 1072 2506 1148 eumque
2551 1052 2832 1140 laudat3

338 1162 475 1215 aut
500 1142 647 1239 ejus
684 1144 1235 1239 magnitudinem
1265 1204 1287 1237 ‚
1316 1146 1694 1220 bonitatem
1726 1204 1749 1239 ,
1800 1148 2196 1220 charitatem
2233 1171 2314 1219 ac
2339 1148 2678 1221 attributa
2699 1149 2833 1222 alia

344 1262 517 1336 quae
538 1245 611 1310 in
636 1239 801 1313 Deo
821 1242 946 1313 luo
966 1242 1273 1338 agnoscit
1292 1292 1317 1333 ‚
1355 1243 1709 1341 praedioet.
1795 1245 1978 1316 Haec
2029 1245 2160 1317 Et.
2183 1268 2228 1315 Ε
2247 1268 2291 1317 v
2314 1267 2368 1316 A
2387 1270 2540 1338 ‘rio
2595 1270 2654 1316 M
2673 1266 2829 1317 EN-

342 1360 495 1408 ·rls
520 1391 545 1427 ,
593 1358 715 1409 aut
750 1336 886 1408 hoc
919 1338 1361 1435 colloquium
1394 1340 1539 1433 ejus
1574 1362 1737 1411 cum
1770 1341 1933 1413 Deo
1959 1398 1983 1431 ‚
2035 1341 2314 1437 proprie
2349 1340 2452 1413 est
2479 1366 2634 1414 vera
2669 1364 2828 1416 ora-

344 1434 457 1506 tio
488 1490 512 1524 ,
564 1430 705 1505 fine
732 1456 869 1529 qua
892 1434 1084 1507 nulla
1106 1458 1263 1508 vera
1288 1440 1591 1546 precatio
1627 1437 1764 1509 effe
1803 1437 2029 1534 potest
2065 1486 2090 1526 ‚
2141 1461 2530 1535 quanquam
2569 1438 2829 1513 diver-122
2921 1507 2928 1513 .

334 1528 569 1603 musta
600 1528 736 1602 sint
762 1554 923 1627 quae
958 1534 1097 1604 hoc
1122 1556 1409 1605 nomme
1429 1530 1874 1629 appellentur
1895 1590 1919 1624 ,
1973 1556 2134 1631 quae
2155 1556 2388 1607 tamen
2411 1534 2829 1631 impoffibile

328 1622 528 1700 foret
550 1646 631 1698 ut
654 1626 745 1699 ab
766 1626 1055 1701 homine
1084 1630 1415 1703 continue
1439 1630 1687 1703 fierent
1706 1678 1733 1718 ‚
1781 1630 2375 1728 quemadmodum
2391 1631 2592 1724 Jesus
2611 1634 2828 1707 Chri-

332 1722 485 1797 stus
508 1722 689 1796 dixit
708 1776 729 1807 ,
764 1725 1323 1823 semper-orandum
1346 1731 1459 1820 esse
1490 1783 1512 1816 ‚
1568 1732 1647 1803 <9⁶
1666 1742 1978 1823 ‘nunquam
2005 1730 2406 1823 definendum.

448 1845 475 1891 1
494 1840 565 1915 7.
616 1819 751 1893 Ille
799 1844 1151 1917 nunquam
1193 1821 1279 1895 ab
1332 1822 1611 1895 homine
1661 1822 2011 1919 postulare
2065 1842 2346 1918 poterat
2393 1822 2821 1917 impossibilia

330 1916 713 2015 quaedm3
770 1918 987 2015 qualis
1011 1942 1239 1991 revera
1268 1917 1449 1992 foret
1482 1920 1707 1991 oratio
1740 1920 2078 1992 continua
2112 1921 2216 1991 uti
2256 1944 2404 1991 eam
2434 1918 2825 2017 intelligere

336 2014 623 2087 volunt.
678 2015 961 2089 Etenim
994 2013 1045 2087 fi
1081 2014 1351 2125 semper
1374 2033 1732 2112 oporteret
1758 2040 1888 2088 nos
1914 2013 1988 2115 in
2025 2015 2308 2111 templis
2337 2013 2822 2113 adeffejbique

330 2108 667 2209 precibus
702 2134 943 2184 vamre
976 2158 999 2197 ‚
1048 2134 1284 2186 omma
1312 2130 1539 2186 cetera
1572 2112 1657 2184 ad
1687 2111 2290 2200 conservationem
2325 2112 2493 2187 vitae
2524 2113 2824 2186 necess'a-
2859 2190 2866 2199 ,

328 2210 443 2281 ria
468 2208 809 2306 perirent,
856 2210 933 2282 &
964 2207 1179 2282 homo
1215 2207 1357 2304 ipse
1383 2232 1622 2283 eorum
1660 2207 1935 2281 defectu
1971 2230 2390 2283 moreretur.
2449 2208 2620 2282 Etfi
2643 2208 2821 2283 sem-

330 2325 469 2404 per
500 2304 703 2378 nobis
734 2305 935 2380 flexis
960 2305 1259 2403 genibus
1294 2305 1635 2380 orandum
1672 2307 1838 2380 oss'et
1863 2363 1884 2398 ,
1935 2329 2190 2404 corpus
2219 2307 2532 2380 nostrum
2569 2329 2822 2405 perpe-

328 2421 481 2476 tuae
522 2401 689 2475 huic
724 2399 1094 2475 laffltudini
1122 2401 1429 2478 ferendae
1452 2425 1593 2476 non
1623 2402 1986 2476 sufficeret.
2081 2403 2296 2499 Sique
2325 2411 2592 2500 (emper
2607 2409 2822 2500 specu·-

316 2503 591 2572 aemes
632 2497 815 2592 [five
846 2497 1455 2593 considerationes]
1502 2503 2037 2598 quaedam·egregiae
2083 2499 2156 2571 in
2199 2501 2426 2571 animo
2455 2502 2817 2572 meditanda

324 2597 507 2688 q‘ent
528 2653 553 2687 ,
580 2614 793 2692 caput
821 2596 1335 2671 obtunderetur
1360 2623 1381 2686 3
1408 2619 1528 2670 aut
1550 2595 1597 2669 si
1620 2619 1859 2692 preces
1880 2597 2146 2692 semper
2161 2597 2534 2680 recitandae
2563 2595 2815 2688 essent,

510 2687 517 2694 ’
584 2715 695 2764 am
722 2692 1069 2788 poss'cmus
1086 2695 1424 2784 dormire,
1460 2717 1688 2790 neque
1720 2693 1962 2766 bibere
1995 2716 2115 2766 aut
2128 2694 2350 2765 edere.
2402 2694 2642 2801 Itaque
2673 2715 2816 2766 non

320 2789 763 2864 eredendum
780 2789 887 2862 est
912 2791 1149 2863 Deum
1174 2793 1373 2864 aliam
1402 2793 1792 2864 orationem
1815 2789 2220 2863 continuam
2241 2790 2330 2862 ab
2351 2789 2638 2862 homme
2665 2787 2814 2860 cxi·-

322 2909 544 2986 gere,
586 2903 1046 2984 praeterquam
1062 2891 1423 2984 colloquium
1448 2890 1559 2958 hoc
1588 2887 1926 2981 mantissam
1947 2891 2094 2957 σκιή
2116 2891 2290 2974 De03
2326 2887 2444 2958 cui
2475 2883 2812 2960 continue

330 2998 583 3056 vacare
604 2983 1058 3078 potest‚dum
1086 2982 1395 3074 laborat,
1430 2984 1596 3056 dum
1612 2983 1796 3074 edit,
1831 2983 2006 3056 dum
2025 2982 2204 3054 bibit
2235 3036 2254 3066 ,
2301 2983 2473 3055 dum
2511 2981 2754 3055 scribit
2791 3039 2815 3073 ,

319 3079 481 3152 imo
500 3079 765 3154 &dnm
786 3079 1075 3166 domin
1101 3081 1429 3178 quoniam
1453 3080 1568 3152 isse
1593 3081 1715 3178 qui
1734 3103 1862 3177 per
1883 3099 2109 3152 totum
2137 3078 2318 3152 diem
2345 3081 2418 3153 in
2443 3077 2813 3151 animostm

316 3199 497 3250 cum
524 3177 689 3250 Deo
716 3175 1155 3250 conversatus
1188 3178 1295 3250 est
1315 3226 1340 3267 ,
1392 3176 1587 3252 certo
1618 3178 1878 3249 certius
1905 3176 2112 3248 etiam
2147 3201 2316 3249 cum
2347 3176 2493 3272 ipso
2521 3175 2820 3270 quiescit

276 3281 299 3300 ‘
326 3275 507 3347 dum
531 3271 844 3361 dormit·;
864 3273 1417 3370 quandoquidem
1446 3274 1711 3348 animus
1734 3275 1857 3370 qui
1883 3295 2044 3345 cum
2083 3274 2240 3345 Deo
2277 3271 2402 3370 sup
2427 3272 2821 3347 ambulavit

328 3373 507 3444 dum
548 3369 928 3468 vigilabat,
980 3370 1053 3442 in
1096 3368 1341 3444 somno
1375 3395 1541 3444 cum
1581 3369 1826 3444 eodem
1865 3367 2272 3466 requiescit:
2321 3369 2581 3466 ipfique
2607 3369 2818 3444 etiam

298 3467 613 3566 Cpin'tus
636 3467 879 3540 vitales
904 3466 1099 3562 pleni
1124 3463 1350 3544 solent
1362 3466 1519 3540 effe
1554 3465 1833 3564 objec'to
1855 3485 2083 3539 amato
2108 3492 2130 3552 3
2181 3467 2257 3540 δε
2289 3489 2610 3564 quae'per
2627 3465 2816 3535 diem

324 3561 643 3639 vidimus
676 3563 1207 3661 andivimusque
1232 3617 1253 3649 ,
1288 3589 1365 3637 ea
1385 3588 1670 3662 quoque
1705 3563 1925 3636 menti
1961 3560 2036 3635 in
2063 3559 2312 3636 somno
2339 3561 2816 3635 obversantur.

316 3660 1007 3758 Adeoquequisquis
1042 3660 1346 3733 interdiu
1382 3669 1649 3730 animum
1675 3661 1764 3733 'in
1801 3658 2320 3732 conversatione
2353 3687 2490 3730 cum
2519 3663 2660 3729 Deo
2693 3661 2818 3726 ele-

316 3785 555 3830 vatum
586 3756 791 3830 habet
812 3806 837 3846 ‚
885 3755 1107 3830 noctu
1151 3757 1391 3830 eadem
1423 3755 1948 3837 conversatione
1983 3779 2130 3829 non
2162 3756 2468 3828 multum
2507 3751 2759 3826 carebit
2787 3783 2815 3857 ,⁵

314 3851 487 3930 imo
516 3877 1013 3953 nonnunquam
1040 3853 1240 3928 Deus
1261 3879 1387 3953 per
1404 3851 1660 4022 somliiii?
1680 3851 1747 3923 se
1771 3877 1934 3927 cum
1957 3851 2104 3950 ipso
2131 3851 2630 4022 communicat&
2699 3945 2764 4022 E

1702 3974 1750 4024 2
2534 3971 2564 4020 1
2631 4002 2646 4022 .
2769 3969 2818 4022 x
