3552 4592
839 141 1000 247 664.
1375 104 1967 237 Epis-rota
2027 158 2161 224 An
2216 132 2885 223 Auc‘roxeu

767 279 769 281 ’
837 280 1052 358 versae
1077 278 1473 385 posteritati
1503 304 1549 355 a
1575 281 1824 353 multis
1847 297 2040 353 retro
2076 276 2321 351 seculis
2348 300 2557 377 quam
2587 276 2889 376 maxime
2915 270 3349 363 venerandi-3

840 382 1112 479 quique
1140 379 1394 463 humili
1425 398 1656 455 mente
1684 436 1707 467 ,
1757 377 2075 449 san6tum
2114 376 2258 451 Dei
2276 380 2617 450 Amorem
2646 374 2905 449 sincere
2935 373 3233 473 spirante
3262 377 3348 448 δε

629 510 639 520 ·
776 529 790 541 .
836 477 1247 556 intendente
1270 534 1293 569 ,
1345 477 1614 550 divinas
1651 476 1748 548 fic
1780 470 2161 547 tractabant
2182 474 2575 567 Scripturas
2596 524 2621 557 ‚
2666 493 2749 546 ut
2778 474 2941 545 inde
2974 473 3119 545 Dei
3154 470 3347 567 Opt.

845 574 1052 652 Max.
1094 575 1242 649 laus
1277 574 1355 651 ,δε
1389 574 1616 673 gloria
1653 570 2169 665 bominumque
2194 568 2650 645 sanctimonia
2678 568 3155 643 crescerent&
3174 594 3349 665 pro-

845 689 1350 755 moverentur..
1431 672 1642 751 {sales
1677 692 1941 767 quippe
1969 689 2103 741 nec
2136 666 2455 742 debitum
2487 663 2649 741 fiint
2675 664 3036 763 objeEtum
3056 723 3083 757 ‚
3108 690 3351 762 neque

845 766 1096 841 idonea
1129 769 1414 842 materia
1439 762 1766 841 irrifionis
1788 822 1819 857 ,,
1872 786 2031 861 quae
2053 788 2197 839 non
2223 783 2493 838 tantum
2526 762 2923 861 detestanda
2948 762 3049 835 est
3075 762 3201 835 ubi
3224 762 3353 835 illa

845 862 982 938 sese
1033 862 1108 935 in
1157 863 1538 938 istiusmodi
1577 864 2003 937 venerandas
2038 861 2299 937 animas
2344 856 2738 935 diffundere
2774 884 2921 935 non
2954 858 3297 933 erubescit
3320 889 3349 943 ς

732 1036 740 1041 ,
851 958 965 1037 sed
993 961 1073 1035 ἐζ
1103 984 1261 1057 quae
1297 961 1368 1031 in
1403 957 1471 1032 se
1501 959 1638 1056 ipsa
1660 1015 1685 1049 ,
1737 960 2039 1035 maxime
2068 956 2203 1039 ubi,
2222 958 2297 1031 in
2314 956 2893 1031 consuetudinem
2914 955 3125 1047 abiit,
3154 953 3355 1051 pessi-

854 1056 1197 1132 mi‘animi
1235 1076 1400 1128 nota
1423 1058 1498 1131 ὅτ,
1522 1054 1877 1132 εὴαταᾶει·
1894 1052 2029 1126 effe
2056 1056 2253 1128 solet.
2306 1055 2639 1131 Procedit
2681 1075 2985 1149 namque
3027 1054 3351 1127 habitua-

851 1152 933 1227 lis
961 1150 1184 1227 irrifio
1211 1151 1301 1225 ab
1335 1154 1692 1249 impietate
1724 1210 1748 1244 ‚
1786 1148 2236 1248 improbitate
2264 1208 2289 1241 ,
2339 1150 2657 1247 superbia
2680 1198 2707 1241 ‚
2756 1150 3021 1225 invidia
3046 1204 3071 1243 ‚
3121 1150 3293 1224 odio
3318 1207 3345 1241 ‚

854 1248 1166 1330 vindi&a
1191 1306 1214 1341 ,
1266 1249 1716 1339 crudelitate,
1765 1230 2027 1323 malitia
2054 1249 2134 1323 &c
2166 1245 2517 1344 hypocrifi
2544 1303 2568 1337 ‚
2618 1270 2779 1343 quae
2826 1248 3077 1321 animae
3112 1245 3351 1343 dispo·

853 1344 1134 1421 {itiones
1170 1370 1402 1421 eoram
1429 1346 1586 1420 Deo
1609 1348 1764 1419 sunt
1799 1345 2119 1419 omnium
2150 1346 2451 1417 maxime
2476 1342 3001 1419 abominabiles,
3068 1350 3367 1439 Impietas.

745 1444 760 1449 “
849 1444 928 1521 δε
972 1442 1376 1541 improbitas
1413 1434 1652 1540 ape'rte
1694 1462 1979 1539 patent,
2024 1439 2307 1538 quando
2332 1440 2567 1515 irrisor
2602 1442 2696 1513 ob
2732 1440 2996 1515 nullius
3036 1440 3357 1515 utilitatis

852 1544 1075 1639 nugas
1100 1562 1246 1615 non
1279 1539 1553 1614 dubitat
1588 1538 1902 1615 ludibrio
1936 1560 2293 1634 exponere
2338 1561 2611 1635 eaquae
2646 1537 2859 1611 corde
2896 1537 3193 1611 minime
3229 1535 3353 1609 fu-

711 1692 718 1697 .
755 1640 762 1647 ’
851 1656 1016 1709 cato
1043 1635 1127 1709 ad
1165 1634 1448 1711 laudum
1477 1636 1868 1733 amorisque
1894 1634 2035 1709 Dei
2059 1682 2087 1724 ‚
2136 1656 2271 1709 nec
2311 1658 2459 1707 non
2506 1634 2593 1709 ad
2648 1634 2923 1729 pietatis
2953 1654 3188 1707 motus
3224 1656 3359 1707 ex-

857 1730 1188 1808 citandos.
1209 1730 1398 1805 dieta
1426 1731 1584 1806 sunt
1616 1732 1690 1805 &
1717 1732 1988 1805 faciunt
2011 1778 2040 1819 ‚
2088 1754 2478 1828 eorumque
2507 1727 2827 1804 au&ores
2847 1754 2997 1804 non
3022 1730 3183 1803 risui
3228 1727 3349 1802 so-

855 1822 1010 1905 lum
1042 1824 1154 1903 sed
1182 1828 1255 1901 ὅτ.
1277 1826 1444 1915 odio
1475 1878 1502 1917 ‚
1551 1830 1626 1902 &
1655 1847 1933 1903 tantum
1971 1851 2117 1899 non
2134 1824 2587 1902 exsecrationi
2606 1826 2955 1901 omnium.
3052 1826 3359 1925 Superbia

859 1921 1199 2023 irrisionis
1235 1948 1454 1999 mater
1478 1925 1579 2003 est
1607 1979 1630 2013 ‚
1679 1922 1957 2023 quando
1991 1924 2260 2003 animus
2292 1923 2628 2019 philautia
2662 1946 2951 2023 captus,
3002 1925 3078 2003 &
3106 1946 3362 2011 eorum

856 2042 1022 2120 quae
1056 2018 1350 2119 poffidet
1369 2021 1747 2101 admirator
1767 2078 1794 2115 ,
1846 2041 2073 2097 cetera
2090 2019 2389 2097 aliorum
2418 2019 2655 2095 omnia
2681 2020 3097 2099 contemtim
3126 2017 3361 2119 despi-

867 2117 1056 2195 catui
1091 2116 1298 2194 habet
1331 2144 1356 2207 3
1400 2118 1483 2191 δε
1525 2143 1699 2193 vero
1738 2115 2083 2191 invidiose
2126 2117 2379 2199 timens
2424 2137 2545 2205 aut
2578 2116 2822 2191 videns
2854 2116 3001 2193 suis
3092 2114 3367 2193 referri

862 2212 1088 2289 aliena
1105 2270 1133 2306 ‚
1181 2211 1252 2286 id
1279 2236 1529 2289 eorum
1553 2214 1861 2290 irrifione
1884 2214 2225 2313 impedire
2254 2235 2547 2289 conatur
2568 2271 2595 2307 ‚
2622 2238 2866 2314 parum
2894 2142 3371 2302 confidet-ana,-

865 2309 1188 2385 ridicu-lae
1215 2311 1350 2386 effe
1377 2311 1564 2407 apud
1589 2335 1832 2386 omnes
1860 2310 2200 2412 superbia:
2228 2310 2619 2400 &5anae,
2668 2311 2807 2388 sese
2830 2311 2934 2386 ob
2958 2311 3179 2386 caffas
3200 2311 3365 2389 nul·

865 2405 1004 2487 lius
1018 2407 1334 2482 utilitatis
1355 2407 1593 2486 solidae
1611 2407 1686 2484 fu
1694 2409 1977 2483 tilitates
2052 2433 2191 2482 ram
2200 2407 3359 2506 matioes,eritioes,hfflorims,prae

869 2503 1028 2578 aliis
1050 2503 1306 2600 quibus
1319 2505 1530 2578 solida
1555 2503 1737 2604 saepe
1760 2507 1842 2584 ὃ(
1864 2504 1979 2580 san
2055 2533 2095 2580 a
2114 2504 2351 2584 insunt
2370 2527 2577 2604 atque
2594 2504 2859 2597 divina,
2874 2529 2945 2582 m
3043 2506 3121 2584 ni
3140 2504 3369 2586 facere

871 2603 954 2676 ἐξ
988 2601 1314 2674 admirari
1345 2654 1368 2690 ‚
1417 2604 1544 2678 hos
1573 2622 1807 2676 autern
1834 2625 2121 2698 propter
2154 2606 2391 2696 haecce
2421 2600 2847 2700 propudioso
2894 2602 2971 2678 in
3000 2601 3369 2689 unedonis

814 2768 826 2774 -
873 2698 1094 2780 modo
1130 2697 1311 2771 infra
1348 2698 1412 2772 se
1434 2699 1770 2792 dejicere:
1824 2721 1979 2795 quo.
2002 2699 2148 2796 ipso
2170 2699 2479 2773 ostendit
2555 2722 2783 2798 uoque
2806 2697 3371 2784 irrisor'animam

871 2790 1064 2868 suam
1109 2817 1256 2868 non
1297 2793 1670 2870 dilectione
1707 2794 2040 2893 proximis
2067 2794 2301 2872 debita
2332 2851 2359 2886 ,
2432 2722 2553 2870 seg
2598 2802 2729 2868 odio
2762 2819 2929 2895 erga
2958 2795 3375 2893 eosjniquo

740 2987 749 2995 .
873 2888 1224 2976 animari„
1251 2891 1340 2966 de
1371 2887 1625 2988 quibus
1660 2912 1744 2968 ut
1779 2892 2118 2962 vinditiani
2164 2889 2388 2968 sumat
2422 2948 2445 2980 ,
2512 2915 2659 2982 non
2706 2911 2978 2971 tantum
3031 2908 3241 2968 curat
3290 2911 3377 2968 ut

771 3025 804 3057 ο
871 2981 1056 3064 sa-lfis
1087 2983 1220 3059 suis
1235 2985 1540 3083 dicteriis
1563 3035 1588 3075 ‚
1613 3007 1942 3084 tanquam
1974 2987 2305 3062 aculeatis
2332 2984 2638 3088 sagittis,
2680 2989 2887 3064 corda
2904 3013 3163 3064 eorum
3184 3013 3373 3087 quos

841 3081 1156 3180 *impetit
1173 3105 1402 3164 amare
1439 3083 1907 3164 vulnerentur
1933 3140 1956 3175 ,
2002 3083 2277 3182 .ipfique
2312 3082 2606 3167 sentiant
2638 3083 2705 3162 se
2752 3085 2839 3159 ab
2882 3083 3161 3162 irrisore
3195 3110 3377 3169 con?

873 3179 1101 3254 temni
1129 3181 1204 3254 &
1233 3179 1417 3254 inter
1446 3179 1696 3258 stultos
1729 3181 2030 3278 reputari
2052 3210 2079 3266 5
2130 3180 2242 3254 sed
2264 3179 2339 3258 ὃ(
2370 3187 2448 3254 ut
2472 3187 2800 3276 crudelius,
2818 3183 2899 3258 &
2920 3183 3189 3280 majore
3208 3207 3381 3258 cum

876 3271 1202 3350 laesorum
1231 3276 1478 3352 dolore
1503 3275 1909 3363 idoefficiat0
1960 3301 2083 3352 eos
2115 3277 2369 3352 modos
2402 3277 2687 3352 adhibet
2707 3335 2733 3369 ‚
2784 3277 3041 3377 quibus
3090 3277 3235 3356 laefi
3262 3278 3389 3354 vi·-
3476 3346 3493 3360 ,

877 3369 1092 3446 deant
1121 3397 1429 3448 amorem
1455 3397 1626 3474 erga
1661 3372 1729 3449 se
1763 3375 1839 3449 δί
1873 3373 2459 3450 existimationem
2486 3374 2577 3448 in
2615 3375 2768 3451 aliis
2804 3399 3087 3486 quoque
3130 3377 3377 3472 exth-

876 3465 1007 3577 gui
1033 3524 1058 3559 ,
1109 3495 1260 3544 non
1284 3491 1558 3546 tantum
1587 3469 1728 3545 fine
1747 3469 2349 3544 commiseratione
2366 3519 2394 3557 ‚
2450 3475 2701 3568 (quam
2727 3461 2990 3570 alioqiu
3027 3471 3379 3556 omnibus

861 3560 1211 3664 ja&uram
1247 3564 1664 3642 facientibus
1703 3589 1849 3644 non
1876 3566 2179 3666 denegat
2213 3565 2430 3652 ullus)
2476 3567 2591 3640 sed
2630 3569 2707 3644 ὃς
2751 3591 2913 3644 cum
2946 3569 3215 3668 gaudio
3248 3569 3381 3648 lo-

873 3658 1106 3760 .tisque
1135 3657 1512 3737 cachinnis.
1567 3662 1752 3766 Quis
1773 3683 2005 3742 autem
2023 3665 2127 3739 est
2150 3665 2278 3763 qui
2310 3689 2457 3742 non
2487 3664 2685 3743 malit
2720 3687 2767 3739 a
2783 3663 3147 3745 declarato
3172 3664 3377 3748 hoste

965 3777 1118 3850 erto
1139 3782 1390 3935 canliffio
1419 3761 1867 3872 impugnari,
1919 3786 2127 3864 quam
2170 3759 2363 3838 tecto
2398 3763 2537 3838 hoc
2565 3761 2784 3836 modo
2817 3759 3143 3838 insidiosa
3170 3763 3375 3878 pade
3490 3807 3507 3820 ·

867 3937 878 3964 μ,
990 3861 1268 3960 nanqu'
1336 3857 1513 3936 'tatis
1545 3856 1768 3956 specie
1795 3857 2130 3961 pungi&
2152 3855 2444 3951 confodi
2480 3857 2512 3932 ἱ
2563 3858 2783 3956 priori
2816 3860 3013 3938 enim
3056 3879 3385 3954 mone,

3304 3959 3393 4054 fi}
