3552 4592
870 170 1027 275 670
1393 156 1981 240 EprsTotA
2068 157 2923 243 ADAucToREM
2993 144 3012 157 ’

785 324 794 337 ·
867 294 1157 380 cadaver
1183 302 1539 377 habituros
1569 353 1592 393 ,
1633 301 1827 400 quod
1868 328 2011 378 non
2046 322 2319 379 tantum
2356 324 2622 378 careret
2654 298 2925 402 Spiritu
2954 364 2979 398 ,
3010 301 3151 379 'sed
3182 304 3261 381 ὃ(
3292 303 3363 378 ei

831 428 1164 476 v‚omnino
1184 402 1666 479 adversaretur
1685 460 1708 494 ,
1759 404 2114 479 &eum-in
2134 402 2341 477 nobis
2361 402 2844 500 impugnaret,
2871 402 3137 500 nosque
3165 400 3365 477 letali

867 500 1178 574 afficeret
1207 500 1537 597 contagio
1569 502 1646 574 &J
1671 502 2078 585 indolentia.
2142 500 2537 574 indolentia·
2550 502 2871 599 quidem,
2901 500 2951 574 fi
2974 502 3191 597 (quod
3210 498 3371 573 san-

876 600 1146 697 guineis
1194 598 1518 696 lacrymis
1559 598 2065 695 deplorandum
2106 598 2309 685 ess'et)
2357 614 2799 697 quaecunque
2839 597 3171 673 immensa
3220 596 3371 672 Dei

873 698 1060 767 chari
1070 718 1168 767 tas
1187 696 1622 793 excogitavit
1647 698 1735 769 ad
1757 699 2084 770 'homines
2104 698 2523 770 ultimorum
2552 754 2573 788 ,
2600 698 3146 794 nostrorumque
3164 696 3371 785 adeo,

841 804 852 809 “
879 814 1285 890 temporum
1319 819 1358 865 a
1395 794 1678 865 mortali
1707 815 1995 868 veterno
2024 794 2427 867 excitandos
2464 850 2486 884 ‚
2542 818 2669 890 per
2696 792 3181 891 praedictiones
3214 804 3373 889 quae

851 890 970 963 tde
999 889 1371 963 tremendis
1404 890 1540 963 Dei
1561 890 1838 987 judiciis
1857 942 1883 982 ‚
1926 892 2013 964 'de
2036 892 2304 990 plagis,
2350 890 2701 980 cladibuS,
2742 892 3037 988 flagellis
3056 890 3381 963 excidio-

863 1011 1024 1085 <que
1051 988 1424 1063 hominum
1453 991 1815 1063 universali
1838 993 1913 1067 &
1939 989 2289 1063 horrendo
2322 988 2550 1087 paffim
2568 990 2659 1061 in
2690 990 2837 1061 Scri
2892 992 2979 1062 tis
3006 988 3383 1085 propheti-

883 1087 983 1159 cis
997 1085 1295 1177 exstant,
1325 1090 1861 1185 quaequeunica
1874 1088 2226 1183 supersunt
2244 1086 2692 1160 incitamenta
2712 1015 2972 1184 quibus
2997 1083 3377 1159 mentes-ad

881 1185 1285 1257 aeternitatis
1306 1181 1638 1258 desideria
1659 1206 1855 1259 nunc
1880 1183 2159 1281 prorsus
2186 1204 2491 1257 mortuae
2520 1180 2804 1259 excitari
2834 1180 3107 1280 poffint,
3131 1179 3381 1254 infelix

881 1280 1460 1369 Criticaaboleat‚
1467 1282 1670 1377 juxta
1689 1308 1855 1357 cum
1870 1280 2393 1356 admirabilibus
2417 1281 2819 1353 divinorum
2836 1281 3187 1353 donorum
3210 1300 3383 1375 pro-

881 1376 1128 1465 miflis,
1175 1400 1340 1474 quae
1369 1378 1605 1451 omnia
1624 1380 1770 1477 jam
1796 1380 2067 1453 dudum
2104 1380 2359 1473 pariter
2394 1377 2781 1474 praeterita,
2832 1400 3171 1473 nuncque
3200 1375 3381 1449 adeo

881 1476 1076 1553 nulla
1095 1476 1232 1547 effe
1260 1531 1282 1564 ‚
1303 1497 1534 1571 neque
1555 1476 2017 1575 exspectanda
2042 1478 2176 1549 ess’e
2187 1523 2216 1564 ‚-
2243 1472 2627 1572 perniciose
2644 1475 2955 1547 inculcet
2974 1532 2996 1565 ,
3016 1498 3102 1546 ne
3127 1470 3385 1547 vividis

761 1652 767 1657 ,
885 1572 1158 1645 timoris
1182 1571 1459 1668 speique
1474 1574 1787 1649 motibus
1811 1575 2177 1650 hominum
2202 1592 2474 1647 mentes
2493 1572 2579 1645 ad
2594 1570 2867 1671 frugem
2888 1570 2961 1645 δε
2978 1568 3389 1667 resipiscen-

865 1668 1062 1741 tiam·
1085 1669 1470 1765 evigilent:
1527 1669 1982 1769 Contagione
2002 1694 2175 1744 vero
2196 1722 2215 1759 ‚
2240 1694 2401 1743 cum
2430 1684 2873 1767 quaecunque
2895 1668 2971 1741 in
2998 1670 3385 1765 seripturis

888 1764 1383 1840 confidemnda
1407 1766 1625 1840 ess'ent
1651 1790 1732 1842 ut
1761 1772 1917 1869 typi
1938 1782 2180 1842 rerum·
2216 1769 2568 1863 potiorum
2586 1816 2612 1857 ,
2654 1791 2955 1864 quaeque
2980 1764 3155 1838 adeo
3192 1765 3385 1848 ultra

887 1864 1182 1937 cortices
1209 1860 1294 1933 ad
1321 1864 1762 1962 spiritualem
1795 1868 2176 1941 animarum
2210 1866 2463 1937 statum
2504 1862 2941 1959 internasque
2970 1863 3109 1935 Dei
3135 1862 3210 1934 in
3244 1862 3387 1935 iuis

758 2000 770 2011 ,
889 1962 1329 2059 operationes
1359 1962 1580 2037 eflent
1605 1964 1965 2051 trahenda,
1989 1987 2066 2035 ea
2090 1962 2315 2034 modis
2338 1961 2434 2034 ita
2452 1959 2709 2053 brutis,
2730 1962 2823 2034 ita
2844 1959 3217 2033 carnaliter
3234 2004 3263 2049 ‚
3286 1960 3385 2031 ita

887 2058 1390 2160 pulverulente
1417 2058 1797 2135 literalibus
1820 2060 1897 2136 ὃ(
1926 2058 2185 2133 criticis
2204 2055 2427 2132 solum
2460 2060 2785 2131 venirent
2814 2055 3333 2155 interpretanda
3356 2112 3385 2147 ,

885 2166 972 2231 ut'
991 2156 1220 2227 omnis
1237 2154 1522 2230 divinus
1545 2157 1890 2256 verusque
1919 2158 2086 2230 inde
2110 2156 2526 2253 rejiciendus
2551 2154 2720 2230 effet
2736 2157 2987 2255 scopus
3010 2158 3091 2229 &
3108 2150 3377 2227 sensus:

883 2254 1004 2329 Sic
1026 2274 1104 2326 ut
1127 2253 1502 2350 scripturis
1527 2305 1552 2345 ‚
1592 2278 1898 2354 veroque
1918 2276 2173 2330 eorum
2204 2254 2615 2351 Interpretis
2640 2251 2877 2329 officio
2904 2262 2937 2343 ,-’
2972 2260 3133 2326 'non
3174 2246 3381 2350 poffit

882 2348 1268 2426 contradici
1291 2350 1775 2446 periculosius,
1800 2373 2005 2452 quam·
2024 2351 2407 2425 istiusmodi
2428 2374 2659 2425 earum
2688 2345 3377 2445 interpretationibus

885 2471 1006 2522 aut
1033 2449 1552 2523 commentariis
1575 2475 1598 2538 3
1651 2473 1957 2548 quorum
1988 2449 2281 2545 proinde
2307 2472 2575 2522 errores
2594 2445 3021 2544 effeetnsque
3040 2445 3261 2519 malos
3284 2463 3378 2518 nt

879 2545 958 2620 in
987 2545 1308 2620 omnium
1331 2546 1682 2620 mentibus
1707 2547 1881 2622 velit
1908 2547 2191 2619 reddere
2212 2547 2447 2618 irritos
2464 2599 2484 2630 ,
2500 2546 2643 2619 imo
2659 2545 2740 2620 δέ
2748 2571 2867 2619 eos
2882 2541 3112 2618 affixfis
3127 2543 3377 2642 gmtiae

881 2643 1028 2719 suae'
1039 2643 1294 2718 divina:
1307 2643 1510 2715 donis
1525 2665 1941 2740 pnevertere
1962 2645 2162 2738 Deus
2188 2643 2368 2742 Opt.
2394 2645 2590 2716 Max.
2614 2641 2789 2717 serio
2812 2638 3155 2740 rogandus
3170 2637 3297 2712 est.

887 2749 900 2756 '
980 2741 1174 2834 Haec
1195 2741 1274 2813 &t
1309 2737 1551 2813 fimilia
1597 2741 1974 2839 sphalmata
1999 2794 2019 2830 ,
2070 2765 2200 2814 nec
2248 2763 2398 2813 non
2436 2739 2511 2812 δί
2546 2737 2673 2814 alia
2699 2757 2854 2836 quae
2894 2735 3373 2834 unusquisque

881 2837 1330 2914 committere
1351 2838 1581 2933 potest
1601 2887 1625 2927 ‚
1676 2839 1925 2913 melius
1942 2839 2161 2913 amica
2178 2837 2251 2911 &
2272 2835 2538 2946 placida
2560 2859 2797 2910 mente
2816 2833 3379 2909 ostenduntur&

885 2934 1328 3008 dedocentur
1349 2989 1373 3024 ,
1425 2954 1632 3030 quam
1663 2935 2077 3010 derisoria&
2097 2935 2399 3008 initmca.
2422 2931 2723 3031 Optime
2758 2947 2987 3006 autem
3016 2929 3377 3024 omnium,

885 3030 1124 3104 omnia
1150 3049 1366 3103 errata
1383 3050 1598 3128 atque
1625 3032 1805 3106 mala
1822 3031 2119 3131 quilibet
2136 3031 2324 3128 apud
2353 3029 2421 3103 se
2452 3030 2676 3128 ipsum
2706 3029 3057 3103 dediscere
3084 3027 3377 3125 poterit,

889 3125 1109 3204 modo
1137 3127 1250 3202 vel
1274 3125 1572 3201 aliorum
1601 3130 1887 3204 monitis
1904 3177 1930 3218 ‚
1982 3130 2096 3203 vel
2131 3128 2431 3226 propriae
2454 3125 2893 3202 conscientiae
2914 3123 3373 3212 instinffimid

881 3224 1226 3302 interiora
1252 3223 1366 3296 sua
1389 3224 1456 3298 se
1481 3226 1626 3299 reci
1683 3225 1772 3300 'at
1798 3281 1819 3312 ,
1860 3227 2147 3323 illicque
2176 3224 2507 3321 imploret
2527 3226 2942 3314 animarum,
2964 3220 3375 3320 intelligen-

883 3325 1006 3399 tize
1023 3370 1048 3416 ,
1075 3318 1392 3417 lucisque
1409 3249 2057 3410 'veraeigi‘matorem
2080 3347 2305 3398 unum
2329 3379 2353 3411 ,
2397 3321 2844 3398 benedicit-um
2876 3320 3019 3395 Dei
3042 3317 3377 3396 admndi

887 3421 1230 3520 Spiritum
1249 3466 1276 3508 ,
1325 3421 1526 3515 c'ujus
1551 3419 1871 3510 lumina,
1903 3415 2089 3518 dona
2108 3434 2145 3511 ‚³
2165 3419 2550 3520 gratiarum·
2568 3415 2811 3492 effufio
2834 3475 2858 3509 ,
2906 3403 3379 3512 acmpffitio*

889 3543 1010 3592 nes
1035 3568 1060 3605 ‚
1113 3515 1362 3588 millies
1395 3518 1470 3588 in
1497 3517 1702 3591 Sacra
1721 3518 2087 3615 Scriptura
2103 3515 2356 3592 sanetis
2392 3516 2535 3591 Dei
2554 3514 2783 3589 verbis
2808 3513 3165 3612 promiss‘ae
3188 3511 3383 3606 suntg

787 3629 794 3634 '
882 3641 1020 3716 pro
1039 3613 1174 3688 illis
1204 3612 1504 3687 maxime
1524 3615 1961 3715 temporibus
1986 3673 2008 3708 ‚
2045 3617 2119 3689 in
2140 3612 2401 3711 quibus
2422 3611 2865 3687 abundabunt
2886 3610 3232 3700 tenebrae,
3244 3607 3381 3686 ini·

885 3715 1190 3814 quitates
1217 3769 1242 3802 ,
1267 3733 1560 3789 errores
1590 3765 1611 3799 ,
1647 3714 2009 3812 impietas,
2042 3737 2207 3811 quae
2234 3711 2522 3811 quidem
2550 3729 2869 3808 tempora
2897 3711 2975 3784 ὅτ
2994 3708 3387 3812 uldam&

884 3814 1118 3886 nostra
1134 3809 1264 3884 effe
1284 3865 1305 3901 ,
1343 3809 1458 3884 vel
1481 3808 1716 3899 saltem
1739 3813 2310 3986 tamffiropinquat
2323 3809 2536 3911 tit-nil
2553 3809 3052 3910 propinquius,
3073 3803 3387 3882 dubiem·

885 3910 1140 4011 utique
1156 3929 1308 3986 non
1336 3907 1589 4005 potest.
1637 3910 1891 4014 Cayen
1940 3925 2065 3988 um
2086 3907 3125 4015 solumlneexnumeteeorum
3148 3899 3395 4075 ἅπαξ
