3552 4592
893 116 1510 229 Confide‘rationes
1532 118 2039 231 generaliores.
2348 114 2359 119 ⁵
2584 144 2691 225 49
2697 142 2738 224 5

237 255 292 330 li
315 310 334 343 ,
385 280 530 331 non
573 276 778 331 erunt
812 256 1076 335 sanitati
1109 263 1404 337 restituti
1431 264 1823 361 paffiveque
1854 261 2152 362 expositi
2180 258 2425 337 Soliac
2452 256 2751 355 objectis

239 356 452 453 hujus
483 358 728 427 mundi
763 356 1122 433 luminosis
1155 360 1404 457 quaein
1436 387 1551 435 eos
1574 385 1779 461 agant
1804 364 1878 435 ὃς
1909 384 2070 435 cum
2098 361 2195 433 cis
2218 361 2749 431 communicent

237 454 314 527 ὃ(
347 458 588 527 lumen
625 454 698 527 ὃῑ
731 454 992 530 formas
1025 484 1266 529 rerum
1296 460 1488 531 vivas
1507 481 1666 532 ante
1690 462 1762 533 ὃ(
1785 461 1951 531 citra
1974 458 2303 531 Rationis
2330 452 2549 543 ειᾶιιε,
2580 455 2745 527 licet

232 551 392 623 haec
439 550 673 643 postea
713 550 850 623 sese
885 556 1066 626 circa
1103 556 1214 627 illa
1247 554 1535 629 &circa
1559 556 2055 630 formationem
2106 555 2414 625 idearum
2472 573 2744 623 menta-

237 648 418 720 lium
455 648 527 717 &
567 650 1176 725 ratiocinationum
1216 653 1302 724 de
1329 656 1407 726 iis
1439 711 1462 743 ‚
1515 677 1839 726 exercere
1884 650 2081 749 possit
2117 652 2147 724 ?
2205 651 2471 722 Eodem
2516 649 2735 721 modo

237 743 306 817 se
329 768 432 817 res
465 744 674 816 habet
707 744 826 817 ubi
859 750 1174 821 homines
1203 752 1382 821 coeei
1401 746 1554 822 sunt
1585 750 1923 847 spirituali
1953 749 2139 822 sensu
2160 805 2182 840 ,
2208 748 2341 819 hoc
2365 746 2493 836 est,
2512 768 2737 841 quan-

235 842 332 913 do
369 864 610 914 eorum
653 843 1130 942 Intelligentia
1156 903 1178 934 ‚
1233 846 1363 918 sive
1399 846 1684 921 facultas
1721 845 2121 920 intellectus
2156 836 2401 940 paffivi
2428 900 2449 933 ,
2502 842 2731 915 clausa

229 939 333 1011 est
359 997 382 1029 ‚
414 940 488 1011 ὃς
514 962 744 1015 tamen
777 942 876 1011 illi
909 942 1290 1015 [sitelleotu
1313 944 1536 1019 aetivo
1577 943 1720 1017 five
1747 945 2075 1019 Rationis
2104 940 2430 1014 facultate
2452 938 2729 1036 pollent

229 1038 350 1110 vel
383 1034 810 1111 subtilissima
841 1060 1049 1136 atque
1073 1039 1576 1137 sagacissima&
1602 1066 1813 1138 quam
1850 1038 2271 1137 ampliffima.
2328 1039 2401 1112 Si
2433 1032 2547 1108 tali
2574 1061 2725 1108 coe-
2809 1069 2820 1079 -

209 1156 320 1207 -co
371 1134 511 1224 (uti
539 1133 694 1227 sursit
727 1158 975 1208 omnes
1004 1162 1094 1210 ex
1127 1140 1402 1235 origine
1433 1137 1962 1235 corruptissima)
2014 1162 2152 1208 non
2178 1137 2522 1231 aperiatur
2550 1157 2723 1207 ocu·

227 1230 338 1303 lus
367 1232 618 1325 animae
655 1288 680 1319 ,
729 1230 1288 1333 fiilntclligentia
1323 1236 1438 1307 illa
1473 1234 1722 1332 paffiva
1757 1292 1779 1326 ,
1832 1235 1921 1307 ad
1956 1258 2057 1306 res
2090 1234 2361 1326 divinas
2407 1232 2479 1303 &
2518 1227 2722 1325 spir'i-

227 1328 454 1403 tuales
489 1326 646 1399 data
678 1384 700 1418 ,
753 1350 940 1415 nunc
968 1354 1199 1405 autem
1229 1354 1544 1405 emortua
1565 1389 1588 1424 ,
1631 1334 1742 1406 vel
1775 1333 2091 1429 lethargo
2121 1328 2399 1401 detenta
2431 1326 2721 1422 profun-

225 1422 323 1497 do
347 1474 371 1512 3
423 1448 570 1497 non
595 1425 942 1498 excitetur
967 1426 1054 1499 ab
1081 1426 1583 1525 Omnipotenti
1618 1432 2007 1503 animarum
2040 1425 2327 1499 Medico
2370 1451 2389 1513 3
2443 1420 2493 1495 fi
2520 1427 2583 1495 se
2615 1423 2717 1496 illi

227 1521 358 1593 sol
401 1520 676 1594 divinus
713 1524 1084 1621 omniaque
1107 1525 1594 1601 mundidivini
1633 1553 1712 1599 ac
1747 1525 2113 1621 spiritualis
2130 1516 2405 1621 objecta
2430 1544 2573 1592 non
2589 1520 2722 1593 ob-

217 1618 470 1713 jiciant
501 1675 524 1708 ‚
575 1640 802 1714 neque
854 1618 1091 1693 lumen
1120 1678 1148 1710 ,
1197 1646 1422 1719 neque
1467 1624 1793 1697 notiones
1828 1623 2087 1696 vividas
2122 1615 2593 1693 &luminosas
2643 1617 2721 1694 in

225 1737 376 1786 eam
414 1767 433 1802 ,
477 1712 728 1811 paffive
771 1717 844 1789 ὅ(
883 1720 1228 1814 receptive
1261 1718 1330 1791 se
1369 1718 1738 1793 habentem
1765 1778 1791 1811 ‚
1841 1718 2162 1793 ‘evibrent
2212 1738 2423 1811 atque
2475 1713 2717 1787 infun-

208 1812 397 1885 dant
435 1836 458 1899 3
531 1832 700 1885 tunc
739 1836 1161 1912 quacunque
1200 1811 1264 1886 sa
1317 1819 1564 1893 acitate
1592 1866 1616 1904 ‚
1667 1815 2003 1890 industria
2044 1817 2119 1889 δί
2160 1813 2535 1907 capacitate
2579 1808 2720 1884 sese

229 1908 520 1982 motitet
553 1910 630 1983 &
659 1913 878 2007 agitet
911 1912 1219 1986 Domina
1253 1839 1479 2002 {atio
1519 1914 1710 1988 istius
1745 1910 2051 1987 hominis
2086 1912 2271 1981 coeci
2306 1962 2327 1994 ,
2376 1932 2523 1979 non
2562 1928 2717 1981 tan-

222 2022 382 2078 tum
415 2030 565 2079 non
592 2007 848 2079 efficiet
883 2009 955 2080 in
980 2006 1046 2083 se
1069 2033 1316 2083 verum
1348 2011 1586 2085 lumen
1614 2008 2075 2105 notionesque
2100 2009 2288 2079 vivas
2310 2006 2385 2078 δε
2416 2004 2721 2075 lumino-

223 2100 326 2176 sas
358 2128 590 2176 rerum
623 2103 1076 2197 spiritualium
1107 2132 1186 2181 ac
1215 2108 1608 2183 divinarum
1645 2135 1667 2197 3
1719 2106 1835 2179 sed
1870 2104 2247 2204 nequidem
2266 2098 2718 2197 earum-ideas

219 2196 360 2273 five
393 2200 694 2298 picturas
731 2200 1222 2302 superficiarias
1250 2225 1412 2279 utut
1440 2206 1695 2279 steriles
1719 2207 1795 2280 δί
1819 2204 2094 2286 inanes3
2156 2196 2393 2274 verum
2422 2190 2714 2270 chimae-

219 2321 328 2372 ras
361 2355 384 2390 ,
434 2323 658 2396 nugas
685 2299 758 2373 &
784 2299 1255 2376 absurdiflima
1335 2325 1606 2378 ortenta
1631 2362 1654 2397 ,
1704 2304 1927 2400 qualia
1955 2302 2027 2374 in
2048 2298 2240 2372 libris
2278 2323 2317 2370 a
2352 2292 2717 2370 Parrhasio

218 2415 587 2493 tantopere
611 2395 918 2471 Taudatis
947 2397 1205 2472 affatim
1226 2425 1282 2474 -u
1339 2401 1498 2500 ique
1535 2401 1881 2498 prostant:
1924 2398 2111 2493 Quis
2126 2396 2269 2492 jam
2300 2393 2529 2466 dicere
2548 2391 2711 2488 pos-

217 2491 306 2565 fit
334 2545 356 2579 ,
407 2495 486 2566 in
511 2492 978 2591 spiritualibus
1013 2498 1269 2592 pariter
1295 2523 1374 2570 ac
1411 2500 1484 2571 in
1521 2497 1871 2593 corporeis
1894 2543 1917 2580 ‚
1971 2519 2088 2566 eos
2114 2492 2235 2589 qui
2272 2490 2708 2562 contraima-

215 2590 564 2688 ginarium
595 2585 840 2664 lumen
879 2594 952 2666 δί
983 2594 1162 2666 ideas
1181 2617 1338 2690 quae
1369 2593 1526 2666 sunt
1557 2595 1626 2668 in
1663 2595 1973 2665 Ratione
2006 2587 2309 2662 hominis
2345 2588 2524 2660 coeci
2548 2642 2571 2676 ‚
2598 2585 2710 2657 lo·

217 2707 538 2783 quuntur
563 2745 587 2779 ‚
639 2710 718 2761 ut
749 2686 976 2784 ipsum
1015 2692 1274 2764 ducant
1307 2691 1388 2764 ad
1427 2693 1789 2764 Medicum
1822 2693 1897 2764 Sc
1930 2689 2018 2760 ad
2069 2685 2275 2758 realia
2303 2743 2323 2775 ,
2376 2709 2493 2756 eos
2521 2739 2544 2774 ,
2598 2683 2712 2754 in-

215 2807 458 2880 quam,
471 2790 638 2856 velle
657 2787 948 2879 fiducere
981 2845 1002 2879 ‚
1054 2788 1262 2861 istum
1289 2812 1572 2862 coecum
1605 2813 1671 2860 ut
1697 2795 1753 2858 ei
1778 2787 2188 2889 persuadeant
2222 2807 2573 2878 quacunque
2606 2786 2707 2851 lu-

205 2883 416 2956 buerit
447 2909 472 2951 .·
504 2885 640 2974 stne
671 2890 950 2953 Rationis
983 2887 1146 2979 istius
1181 2885 1360 2959 coeci
1393 2891 1546 2956 ideis
1580 2943 1601 2978 ‚
1651 2888 1825 2954 illuni
1852 2887 2009 2956 nihil
2037 2889 2099 2950 in
2136 2889 2215 2948 iis
2246 2906 2365 2976 quae
2394 2881 2501 2978 ipsi
2528 2880 2703 2948 dete-

195 3001 428 3075 gentur
453 2985 788 3078 intelligere
807 2985 963 3075 ροβε
983 3005 1008 3049 .·
1030 2984 1253 3051 cadere
1278 2985 1533 3052 illumin
1559 2983 1967 3077 fanattsmum
1997 2976 2137 3048 five
2168 2973 2707 3066 foveamstsuam

205 3077 782 3170 illam-facultatem
821 3078 890 3149 in
933 3075 1502 3174 repraesentandis
1539 3075 1959 3176 imaginibus
1998 3073 2176 3146 adeo
2212 3070 2501 3144 activam
2531 3071 2699 3160 dese-

207 3171 450 3242 ruerit?
476 3174 664 3269 Quae
687 3173 968 3270 quidem
995 3175 1224 3248 omnia
1249 3173 1608 3248 Parrhasio·
1619 3199 1697 3247 ac
1725 3176 1871 3272 ejus
1898 3173 2127 3244 Hero'i'
2156 3167 2461 3265 repetitis
2482 3163 2700 3237 etiam

209 3267 492 3342 vicibus
517 3272 622 3343 vel
650 3271 736 3342 ad
769 3271 990 3344 ravim
1029 3270 1245 3370 usque
1273 3271 1490 3346 ess'ent
1519 3271 1783 3345 diutius
1812 3265 2264 3354 inculcanda,
2316 3283 2397 3336 ut
2428 3259 2699 3334 desine·
2817 3279 2825 3284 ·

213 3385 376 3438 rent
409 3367 684 3440 tandem
715 3367 1139 3445 confundere
1189 3370 1422 3466 (quod
1455 3369 1716 3450 faciunt
1744 3367 2009 3462 semper
2042 3367 2119 3439 &
2150 3358 2451 3458 ubique)
2498 3354 2696 3454 paffi-

212 3485 334 3534 vas
367 3465 760 3560 Facultates
787 3523 810 3556 ,
849 3463 1172 3560 lucesque
1204 3490 1436 3540 earum
1471 3469 1544 3541 ἃ
1575 3469 1895 3540 notiones
1916 3462 2129 3536 reales
2156 3481 2295 3534 tam
2330 3483 2460 3556 pro
2490 3454 2697 3562 rebus

209 3557 688 3655 spiritualibus
715 3587 924 3660 quam
952 3587 1080 3658 pro
1107 3564 1460 3660 corporeis
1484 3621 1516 3655 ,
1545 3588 1705 3636 cum
1731 3561 2062 3635 facultate
2092 3556 2313 3632 activa
2342 3553 2709 3640 Rationio,

211 3659 358 3748 ejus
393 3659 554 3732 luce
583 3659 792 3733 sterili
821 3683 900 3732 ac
941 3659 1116 3754 pieta
1143 3718 1164 3752 ‚
1213 3660 1688 3758 ejusque‘ideis
1717 3655 2202 3732 umbratilibus
2238 3679 2253 3722 :
2313 3651 2385 3724 ὅ(
2410 3649 2707 3758 scirent,

211 3752 334 3827 has
361 3753 502 3830 fine
524 3755 655 3830 illis
681 3756 856 3830 nihil
883 3756 1057 3842 effe,
1089 3757 1260 3831 nihil
1290 3757 1482 3852 posse
1500 3815 1527 3847 ,
1547 3779 1808 3855 praetei·
1828 3756 2175 3829 chimaeras
2192 3752 2267 3826 δε
2284 3771 2531 3846 nuga83
2554 3745 2715 3818 ¹1¹ss

195 3849 364 3925 fine
387 3853 494 3932 his
519 3855 762 3946 realia,
807 3853 1024 3930 solida
1050 3903 1077 3944 ,
1107 3856 1184 3935 &
1208 3877 1484 3931 tantum
1513 3881 1660 3930 non
1679 3849 2013 3930 immensa
2042 3851 2115 3925 &
2139 3845 2331 3947 posse
2354 3843 2712 4017 &igglh
