3552 4592
641 127 768 215 De
802 129 1278 245 E‘uchartffi'a
1314 136 1410 215 in
1430 126 1747 243 Ecclcfia
1774 138 2194 251 tripartita.
2517 166 2612 251 35
2635 171 2666 229 1

188 278 523 355 nomicos
548 268 867 377 ritusque
900 280 1243 357 Ethnicos
1264 272 1690 380 detorquere
1724 284 1753 358 ?
1809 285 1965 359 Iino
1987 284 2156 363 vero
2193 284 2274 361 fit
2307 287 2404 363 ita
2433 345 2458 378 ,
2511 286 2675 382 sint,
2788 302 2794 309 ’

210 376 393 466 licet,
441 378 525 451 ad
564 378 1033 454 imitationem
1066 380 1473 455 Gentilium
1503 380 1883 478 exprcss'ae:
1943 387 2112 480 quid
2156 384 2323 459 mali
2375 411 2458 460 ea
2493 393 2570 457 in
2603 412 2677 459 re

214 476 371 551 erit?
414 476 643 568 Quod
682 473 733 547 fi
768 499 981 549 nemo
1018 498 1207 551 vetat
1238 536 1263 569 ‚
1319 502 1461 576 quo
1514 474 1747 553 minus
1793 482 1865 555 in
1895 482 2162 577 scriptis
2205 504 2328 557 aut
2361 480 2677 557 do&rina

208 572 579 646 Gentilium
620 575 849 647 causas
880 572 1531 673 bonas'quaeramus
1570 579 1884 649 animum
1917 580 2002 649 ad
2033 580 2272 653 Deum
2311 580 2680 672 elevandi,

212 672 425 766 quidni
446 671 650 745 liceat
678 696 769 743 ex
794 670 1043 743 ritibus
1066 671 1477 771 quibusdam
1506 675 1894 746 eorundem
1933 673 2328 751 occafiones
2353 674 2680 771 amplecti
2797 748 2805 751 ,

210 767 431 863 quibus
459 769 544 839 ad
595 767 743 839 Dei.
774 766 1203 864 praesentiam
1236 771 1719 867 Amoremque
1753 772 2024 845 animos
2043 773 2440 872 erigamus?
2477 772 2674 867 Quid

210 886 360 941 vero
392 865 489 937 est
512 884 709 937 totus
732 866 963 937 cultus
990 886 1317 941 externus
1338 890 1570 939 coram
1602 867 1764 941 Deo
1788 922 1808 954 ‚
1857 870 2023 965 quid
2054 868 2152 943 est
2191 891 2338 943 tota
2359 870 2672 945 illaratio

204 960 573 1035 officiorum
600 982 1058 1035 externorum
1091 987 1253 1061 quae
1290 965 1453 1039 Deo
1474 962 1645 1037 foris
1666 964 1995 1059 praestant
2019 965 2147 1039 filii
2179 965 2282 1041 sui
2305 964 2436 1059 nifi
2468 967 2674 1041 ludus

206 1059 507 1152 quidam?
566 1055 729 1131 lmo
754 1059 927 1155 quid
956 1060 1055 1135 est
1078 1060 1219 1155 ipse
1252 1060 1609 1135 Paradisus
1634 1117 1657 1151 ,
1711 1062 1784 1134 &
1811 1062 2148 1159 quicquid
2180 1063 2252 1137 in
2276 1065 2448 1138 Vita
2465 1084 2671 1139 aeter-

202 1178 281 1227 na
302 1176 575 1253 geretur
606 1212 631 1246 ,
686 1152 815 1227 nifi
850 1178 1186 1253 perpetua
1219 1157 1776 1253 &leotamentm
1827 1182 1908 1231 ac
1942 1158 2324 1255 spectacula
2347 1217 2371 1252 ,
2420 1160 2494 1231 &
2523 1158 2672 1241 san-

202 1250 319 1326 &ae
344 1255 663 1350 quaedam
689 1310 713 1345 ,
768 1272 859 1331 ut
883 1254 977 1327 ita
1013 1254 1286 1351 loquar,
1322 1250 1695 1328 comoediae
1722 1311 1745 1345 ,
1768 1279 1852 1327 ac
1881 1259 2104 1331 veluti
2131 1255 2282 1329 ludi
2329 1256 2628 1354 pueriles
2653 1307 2684 1345 ,

202 1348 673 1445 quibus‘Deus
711 1373 885 1425 cunr
913 1351 1179 1425 δεηθεὶς
1210 1410 1232 1444 ,
1300 1350 1677 1448 sanctique
1714 1375 1881 1425 cum
1915 1354 2076 1429 Deo
2123 1354 2316 1429 ultro
2357 1354 2677 1449 citroque

65 1515 83 1538 ,
200 1446 537 1521 colludcnt
568 1448 597 1521 ?
670 1448 816 1521 Nae
844 1496 871 1533 ,
920 1450 1237 1522 homines
1274 1472 1401 1545 pro
1434 1445 1838 1522 morositate
1873 1471 2082 1547 atquc
2113 1450 2471 1523 severitate
2513 1450 2630 1521 sua
2657 1508 2684 1542 ‚

198 1540 757 1629 familiaritatem,
808 1543 1323 1641 simplicitatem
1357 1600 1383 1636 ,
1428 1568 1509 1616 ac
1540 1544 1760 1618 veluti
1805 1546 2166 1621 infantiam
2225 1549 2362 1623 Dei
2393 1549 2678 1643 penitus

176 1638 501 1736 ignorant
536 1643 551 1715 Ξ
616 1642 738 1714 ille
782 1644 969 1713 enim
1016 1644 1315 1737 Spiritus
1352 1639 1870 1715 estinfanticius
1894 1692 1919 1728 ,
1991 1644 2206 1739 Spirit
2263 1670 2290 1715 s
2327 1643 2684 1718 familiari·-

198 1738 337 1815 tatis
358 1795 383 1830 ,
430 1734 757 1812 omnibus
794 1735 929 1811 sefe
958 1737 1489 1812 accommodans
1518 1782 1543 1825 ‚
1594 1738 1902 1833 Spiritus
1923 1739 2218 1815 ludibun
2271 1764 2350 1813 us
2371 1743 2440 1813 ὃ(
2473 1740 2678 1813 oble-

201 1830 567 1909 &abundus
587 1836 675 1914 jn
706 1831 1069 1909 nudiffima
1103 1834 1544 1930 simplicitate
1590 1854 1801 1929 atque
1837 1834 2274 1933 ingenuitate
2305 1892 2328 1925 ,
2377 1855 2678 1912 attamen

202 1926 265 2001 id
296 1928 445 2005 solis
473 1954 647 2005 cum
688 1929 855 2005 filiis
885 1930 1046 2005 suis.
1143 1932 1331 2005 Haec
1374 1929 1425 2001 fi
1464 1930 1826 2005 nonnullis
1861 1930 2436 2029 superstiti0fi0ra
2482 1934 2679 2005 vide-

202 2024 437 2103 buntur
468 2086 491 2119 ‚
546 2030 715 2103 Deo
750 2029 951 2103 aliter
989 2028 1448 2103 videbuntur.
1544 2027 1676 2101 Ille
1730 2052 2092 2127 nunquam
2141 2028 2388 2121 animis
2441 2028 2710 2103 illudit‘

200 2121 602 2221 iimplicibus
636 2144 845 2220 atque
884 2124 1161 2199 sinceris
1185 2175 1208 2216 ,
1265 2126 1369 2199 uti
1405 2122 1675 2197 faciunt
1696 2123 1890 2198 docti
1924 2126 2086 2199 vani
2115 2146 2330 2221 atque
2359 2124 2678 2223 superbi,

248 2222 313 2295 ui
331 2246 573 2308 omnes
586 2247 713 2298 eos
730 2222 877 2299 fere
907 2222 1203 2298 irrident
1222 2224 1344 2318 qui
1367 2220 1537 2299 ideis
1570 2221 1707 2295 su'is
1742 2221 2056 2296 inanibus
2087 2221 2550 2300 &fastidiofis
2571 2224 2682 2300 in-

213 2396 224 2403 ,
262 2321 419 2394 tuari
458 2321 747 2395 nolunt.
846 2319 1039 2416 Quis
1078 2321 1222 2410 uis,
1279 2319 1401 2419 qui
1436 2319 1625 2399 refrte
1678 2320 1918 2396 Deum
1964 2320 2352 2421 cognoscet
2384 2378 2406 2413 ,
2461 2320 2701 2420 longe*

206 2413 379 2490 aliter
402 2419 491 2492 de
518 2415 711 2494 hisce
742 2418 1057 2492 existima
1108 2418 1193 2491 it.

279 2515 385 2588 De
424 2535 665 2589 cetero
699 2564 725 2604 ‚
780 2541 857 2587 ea
890 2538 1051 2610 quae
1082 2515 1195 2588 hic
1222 2515 1310 2588 de
1349 2511 1557 2588 rebus
1588 2513 1747 2588 istis·
1776 2509 2019 2586 afferre
2065 2511 2254 2586 volui
2301 2568 2324 2603 ,
2392 2512 2681 2608 nequic-

244 2635 382 2686 uam
414 2611 1047 2709 pertineredebent
1094 2612 1179 2684 ad
1230 2609 1481 2686 abusus
1520 2608 1774 2707 quibus
1827 2607 2008 2682 forte
2052 2609 2321 2682 easdem
2359 2609 2679 2703 polluant

202 2636 319 2784 Elii
336 2709 763 2808 BabyloniS,
814 2709 1131 2782 homines
1164 2709 1385 2781 amori
1429 2707 1717 2804 proprio
1740 2705 2142 2797 servientes,
2171 2705 2410 2799 impii,
2463 2729 2676 2778 mun·

200 2805 335 2882 dani
356 2806 833 2896 ,fmudaxores
858 2801 1277 2896 ‚ambitiosi
1310 2861 1334 2896 ,
1384 2806 1569 2878 avari
1600 2861 1625 2894 ‚
1676 2804 1808 2902 qui
1841 2828 2080 2876 revera
2120 2798 2677 2878 atrociffimeiis-

198 2903 341 2978 dem
374 2961 401 2995 ,
427 2910 532 2978 ‘ac
568 2901 1081 3000 propemodum
1117 2900 1483 2988 universe,
1534 2901 1930 2978 abutuntur
1953 2931 1982 2983 3
2039 2923 2186 2994 quo
2218 2897 2304 2970 fit
2345 2919 2426 2970 ut
2469 2897 2684 2970 malc-

198 3001 563 3076 diffionem
596 3001 736 3084 Dei
772 3022 929 3072 tum
965 3019 1211 3072 contra
1248 2997 1309 3070 se
1340 3051 1363 3084 ,
1413 3017 1565 3070 tum
1598 3017 1844 3072 contra
1865 2995 2295 3068 ceremonias
2323 2993 2472 3068 suas
2492 3051 2514 3086 ,
2545 2993 2680 3066 {int

194 3097 509 3174 irritaturi
534 3147 563 3189 2
596 3093 797 3171 duni
838 3096 897 3169 is
950 3093 1267 3170 omnium
1306 3118 1537 3170 rerum
1594 3093 1961 3168 veritatem
2015 3091 2409 3167 restitutum
2461 3091 2682 3176 ⁸adve-

192 3217 344 3272 mat.
2253 3247 2260 3257 .
2789 3214 2846 3268 x
2874 3213 2897 3266 1
2925 3212 3006 3267 x.

265 3291 517 3368 XIX.
581 3289 728 3384 (1.)
752 3285 1028 3366 Verum
1064 3345 1088 3379 ‚
1139 3289 1325 3363 dices
1354 3346 1377 3380 ,
1430 3288 1700 3362 Nonne
1729 3286 1934 3362 satius
1961 3283 2091 3358 erit
2134 3303 2246 3356 tot
2277 3282 2533 3361 ritibus
2567 3281 2673 3356 di·
2759 3285 3062 3361 Difficulta.

193 3388 761 3486 vnfitatibusque
778 3386 1005 3460 valere
1037 3383 1216 3474 ’uffis
1240 3435 1265 3474 ‚
1317 3386 1403 3468 ad
1431 3387 1727 3481 primam
1759 3382 2270 3478 simplicitatem
2295 3433 2316 3467 ,
2369 3380 2678 3479 qualisin
2704 3379 3040 3513 ijostsffx]

191 3485 479 3562 Ecdefia
514 3483 871 3583 primitiva
898 3411 1725 3571 obsizrvabatursredire
1758 3481 1787 3553 ἓ
1861 3480 2296 3576 Respondeo
2325 3536 2348 3576 ,
2399 3475 2628 3574 primo
2652 3533 2674 3565 ,
2708 3460 3050 3590 nitlzequibus

189 3607 295 3657 eos
318 3584 439 3686 qui
468 3604 615 3658 tam
652 3602 973 3655 accurate
1008 3585 1128 3672 (ne
1159 3577 1385 3654 dioem
1419 3600 1563 3652 tam
1594 3575 2071 3661 materialiter)
2113 3601 2256 3651 rem
2285 3597 2570 3650 omnem
2594 3571 2676 3678 ad
2711 3589 3055 3665 respondetur.

190 3677 463 3756 formam
506 3680 941 3778 primitivam
969 3677 1261 3752 omnino
1288 3675 1759 3754 reducendam
1790 3673 1925 3751 effe
1961 3691 2218 3772 urgent
2251 3729 2274 3764 ,
2326 3669 2516 3772 forte⁴
2554 3666 2677 3776 ubi
2717 3669 2828 3736 (1·)
2855 3668 3036 3730 <Anne

190 3777 527 3854 exsecutio
564 3778 667 3852 rei
696 3775 1111 3850 instituenda
1136 3775 1271 3849 erit
1296 3833 1320 3866 ‚
1372 3775 1642 3872 primos
1679 3770 1834 3846 fore
1863 3772 1984 3869 qui
2011 3767 2317 3868 ejusdem
2341 3785 2676 3840 mutatio·
2708 3740 3037 3893 {Jss‘gnsx

190 3897 337 3952 nem
356 3878 589 3954 velint
613 3896 825 3972 atque
858 3869 1261 3955 defendant.
1334 3871 1702 3951 Novimus.
1718 3870 1814 3948 in·
1833 3866 2160 3952 Ecclesia
2187 3863 2552 3964 primitiva
2577 3859 2684 4034 11'0-
2707 3895 2936 4028 Jssfflm
2956 3907 3036 3946 n..

1362 3975 1365 3978 ’
2575 3981 2688 4030 'OS
2757 3988 2836 4030 uc»
2865 3978 2887 4024 ε
2983 4001 2992 4008 ·
