3552 4592
721 152 734 163 ’
843 178 994 269 33²
1049 198 1056 207 ·
1107 146 1728 231 Inani-cun
1781 137 2130 223 Umv.
2188 68 2695 219 secum
2738 131 3151 221 Ana-‚111

771 300 783 307 ’
847 320 998 369 non
1047 292 1252 395 pauci
1305 292 1706 390 supersunt„
1782 286 1944 362 Imo
1998 284 2175 363 vero
2202 285 2453 361 adsunt
2490 286 2565 361 &
2597 286 2667 361 in
2684 285 3013 393 ⁸partibus
3050 282 3373 385 singulis:-

849 395 1066 470 etiam
1099 412 1336 485 nunc,
1373 412 1496 463 aut
1527 409 1716 462 cette
1751 386 2113 483 quondam
2142 384 2509 467 adfuerunt
2546 385 2871 460 nonnulli
2893 406 3051 458 vere
3075 384 3351 456 illumi-

847 491 995 564 nati
1029 488 1257 565 Sancti
1279 544 1301 576 ,
1434 510 1660 583 eoque
1688 508 1851 561 vere
1876 484 2084 556 uniti.
2182 483 2293 555 Hi
2330 504 2571 555 omnes
2599 530 2625 571 ‚
2691 483 3029 581 imprimis
3058 480 3367 569 ultimi,

765 636 772 677 ,-
855 588 1316 685 nequicquam
1374 584 1487 654 vel
1535 580 1622 653 ad
1659 582 1866 673 odia,
1918 578 2025 655 vel
2060 579 2141 653 ad
2171 576 2593 665 irrifionem',
2640 579 2753 651 vel
2776 580 2861 652 ad
2880 577 3355 669 coastionem,

851 686 964 757 vel
986 683 1072 753 ad
1099 680 1924 777 persecutiohcmorum
1954 678 2077 773 qui
2106 676 2248 749 filas
2280 693 2503 772 partes
2540 700 2686 748 non
2708 674 3127 774 sequuntur,
3174 698 3351 772 pro·

858 782 1208 878 pendent3
1260 775 1370 849 sed
1407 776 1685 863 contra,
1739 798 1883 847 non
1918 793 2203 848 tantum·
2228 776 2365 845 vias
2400 772 2557 845 istas
2575 796 2655 845 ac
2674 773 2901 846 media
2926 771 3361 871 improbant,

861 874 1110 951 versun
1143 878 1217 949 &
1255 898 1374 945 eos
1403 898 1583 969 quos
1621 872 1963 945 schismati
2002 875 2077 945 &
2108 869 2459 945 erroribus
2500 868 2897 966 periculosis
2956 870 3359 968 implicatos
3458 943 3490 971 ¹,

859 976 1312 1067 arbitrantur,
1338 970 1642 1065 impense
1675 989 1942 1056 amant,
1982 992 2221 1058 ‘vicem
2244 990 2491 1040 eorum
2526 969 2980 1040 vehementer
3006 967 3361 1059 doleam,

861 1072 1058 1145 unde
1091 1068 1174 1142 fit
1199 1126 1221 1160 ‚
1273 1089 1350 1139 ut
1383 1068 1467 1138 ad
1512 1068 1756 1140 Deum
1789 1090 1915 1161 pro
1948 1065 2026 1137 iis
2078 1064 2457 1164 suspirent3
2510 1083 2591 1136 ut
2626 1088 2756 1162 pro
2787 1060 3237 1143 conversione
3276 1087 3366 1136 ac

865 1168 1080 1242 filute
1110 1186 1360 1238 eorum
1392 1164 1551 1239 Deo
1569 1172 1804 1259 preces
1830 1158 2126 1235 offerant
2162 1158 2639 1235 ardentiffimas
2676 1216 2697 1247 ‚
2758 1160 2972 1261 parati
2999 1184 3121 1235 eos
3156 1182 3367 1257 occa-

872 1264 1062 1339 fione
1093 1262 1187 1335 ita
1221 1259 1487 1335 ferente
1517 1283 1668 1332 non
1695 1279 1973 1332 tantum
2002 1280 2145 1330 non
2166 1259 2453 1345 laedere‚
2502 1256 2615 1329 sed
2650 1256 2725 1331 δε
2753 1252 3109 1334 beneficiis
3130 1258 3366 1331 omni*

829 1418 836 1430 ,
873 1362 1009 1435 bus
1041 1362 1298 1453 iuvare.
1394 1358 1477 1429 Id
1508 1356 1704 1455 quo'd
1735 1359 1813 1429 in
1837 1354 2189 1429 Theresiae
2215 1409 2255 1443 ‚‚
2286 1353 2582 1453 virginis
2618 1353 2867 1429 1311&ae
2902 1374 3113 1453 atquc
3140 1354 3369 1429 admi-

877 1445 1111 1531 randae
1165 1457 1480 1530 videmus
1551 1452 1923 1561 exem-plo:
1984 1449 2261 1551 quando
2290 1452 2479 1525 enim
2500 1450 2587 1525 de
2616 1452 3034 1529 Lutheranis
3056 1452 3374 1549 loquitur

842 1613 853 1621 .
883 1576 1218 1651 tanquam
1246 1552 1335 1624 de
1367 1548 1712 1627 haereticis
1729 1545 2210 1639 ,infeliciffimis
2230 1605 2252 1639 ‚
2303 1572 2434 1644 pro
2464 1548 2546 1621 iis
2566 1566 2800 1624 tamen
2830 1546 3031 1625 simul
3058 1544 3377 1645 impenfi
3487 1587 3495 1595 ·

889 1675 1054 1724 cum
1089 1648 1420 1723 charitate
1457 1646 1819 1743 supplicat.
1916 1645 2015 1719 Su
2070 1646 2272 1743 ponit
2300 1645 2625 1741 equidem
2657 1670 2775 1719 eos
2820 1668 3065 1719 omnes
3103 1666 3189 1717 ac
3234 1642 3374 1717 fin-

885 1747 1090 1844 gulos
1129 1748 1202 1817 in
1237 1744 1414 1819 statu
1445 1744 1629 1817 malo
1668 1765 1748 1813 ac
1784 1741 2025 1817 misera
2076 1741 2150 1814 ili
2178 1736 2419 1829 versari
2454 1770 2470 1814 :
2548 1738 2819 1816 Vei-iim
2853 1766 3023 1817 mox
3052 1740 3399 1817 dicemus·

889 1842 1252 1941 quomodo
1282 1838 1624 1936 ejusmodi
1655 1837 2104 1911 hallucinatio
2139 1836 2496 1935 (fiquiflem
2555 1836 2999 1915 hallucinatio
3046 1860 3207 1913 vere
3250 1835 3382 1929 fit,

895 1942 1004 2014 uti
1032 1937 1272 2012 revera
1295 1936 1431 2010 ess'e
1472 1932 1795 2033 potest,)
1832 1936 1909 2007 in
1934 1933 2289 2007 animabus
2320 1934 2725 2033 quibusdam
2778 1932 3196 2011 sanffiffimis
3248 1932 3381 2011 ad·

892 2037 1030 2205 eng:
1070 2034 1162 2109 fic
1193 2035 1470 2131 postet,
1511 2054 1590 2106 ut
1615 2053 1857 2105 tamen
1884 2028 2217 2107 tanffitati
2244 2054 2481 2106 mrum
2528 2031 2705 2105 nihil
2751 2032 2889 2107 hoc
2922 2032 3207 2107 nomine
3258 2031 3387 2106 de-

892 2158 973 2208 ce
1023 2153 1112 2205 at.
1788 2183 1837 2203 ...
3114 2174 3137 2210 ‚-
3184 2172 3198 2181 ·

987 2228 1218 2328 Atqui
1255 2227 1343 2302 de
1369 2225 1645 2306 ultimis
1669 2225 1896 2315 hisce,
1944 2227 2081 2302 hoc
2109 2224 2320 2301 estd'e
2341 2222 2745 2302 hominibus
2770 2274 2797 2318 ‚
2846 2221 2905 2299 fi
2932 2248 3079 2302 non
3103 2199 3385 2316 finctis,

887 2347 970 2401 ,at
999 2329 1206 2401 rectis
1234 2346 1467 2399 tamen
1503 2325 1579 2398 &
1606 2323 1689 2397 ad
1719 2348 1948 2397 veram
1982 2322 2408 2400 sanctitatem
2422 2321 2963 2422 adspirantibus,
3013 2347 3153 2424 ego
3184 2348 3387 2400 nunc

895 2423 1175 2523 quando
1207 2423 1294 2495 de
1326 2422 1823 2508 communione
1862 2441 1991 2496 aut
2031 2421 2555 2533 participatione
2592 2419 3053 2496 Eucharistiae
3100 2419 3386 2502 abintus

891 2525 1077 2610 sum,
1137 2519 1334 2619 loqui
1363 2518 1646 2591 decrevi
1678 2565 1704 2608 ‚
1751 2519 1839 2592 de
1868 2521 2107 2617 impiis
2136 2519 2414 2614 inter-im
2440 2519 2650 2616 iisque
2695 2543 2855 2616 quae
2891 2519 3089 2618 impii
3118 2517 3388 2592 ibidem

895 2619 1006 2692 vel
1043 2616 1449 2712 accipiunt,
1491 2615 1606 2690 vel
1638 2641 1783 2688 non
1809 2617 1955 2688 acci
1988 2618 2168 2700 ‚iunt
2201 2672 2225 2707 ,
2296 2639 2539 2712 pamm
2570 2615 2905 2690 sollicitus
2940 2641 2959 2688 ε
3042 2617 3113 2690 hi
3148 2619 3391 2706 enim,

901 2715 1243 2814 quicquid
1277 2713 1397 2800 fit,
1449 2711 1726 2787 nonnifi
1762 2713 1941 2788 male
1992 2712 2321 2786 ictionem
2352 2710 2626 2786 sibimet
2660 2712 2919 2796 ibidem
2948 2715 3339 2788 attrahunt.
3426 2739 3435 2750 ·

999 2812 1110 2910 Et,
1136 2811 1238 2883 his
1274 2811 1293 2883 i
1349 2807 1431 2882 fis
1467 2812 1716 2899 etiam,
1765 2833 1847 2881 ac
1876 2808 2028 2882 solis
2058 2808 2337 2908 quidem
2362 2867 2385 2902 ‚
2436 2809 2553 2880 hic
2590 2809 2785 2904 loqui
2818 2811 3151 2899 decrevi3
3198 2837 3393 2910 quo·

813 2898 870 2994 ,⁸
897 2906 1084 2982 niam
1114 2907 1236 3004 qui
1261 2837 1458 2980 aliter
1487 2906 1720 2978 animo
1749 2901 1982 2978 affecti
2013 2905 2171 2979 sunt
2190 2961 2213 2997 ‚
2262 2906 2627 2980 veritatem
2644 2931 2892 3002 puram
2910 2907 3393 3006 &nullispar-

904 3003 1110 3078 tibus·
1133 3003 1602 3076 adhaerentem
1629 3001 1804 3074 ferre
1827 3057 1865 3092 „
1901 3027 1979 3074 ac
2009 3027 2132 3099 per
2160 3027 2308 3075 eam
2328 3001 2561 3100 juvari
2589 3027 2729 3076 non
2766 3003 3064 3100 poffunt.
3158 3006 3393 3080 Nihi-

777 3109 784 3118 ’
905 3100 1217 3174 lominus
1248 3117 1807 3194 tamenpropter
1840 3123 1968 3171 eos.
2002 3098 2123 3196 qui
2152 3099 2421 3172 animos
2456 3097 2659 3191 suos,
2708 3100 2783 3174 in
2808 3099 3197 3198 ipsofundo
3212 3105 3393 3182 alias

905 3221 1050 3270 non
1081 3195 1294 3270 malos
1313 3253 1352 3286 ,,
1389 3195 1803 3292 praejudiciis
1865 3195 2335 3291 praeoccupari
2383 3249 2404 3282 ,
2467 3214 2679 3293 atque
2706 3209 3237 3298 Jnonnunquam
3292 3199 3397 3277 fic

901 3292 1128 3390 abripi
1161 3293 1561 3390 patiuntur,
1614 3310 1700 3363 ut
1723 3315 1847 3386 per
1875 3291 2184 3365 tenebras
2216 3292 2355 3363 suas
2388 3292 2751 3366 veritatem
2802 3292 3089 3369 [blidam
3112 3296 3196 3370 ab
3222 3297 3393 3373 ina-

905 3391 980 3462 ni
1017 3391 1234 3486 lpecie
1263 3385 1650 3460 discesnere
1684 3409 1823 3458 non
1860 3386 2149 3483 posfint,
2200 3387 2642 3482 difficultates
2672 3393 3039 3467 nonnullas
3070 3418 3395 3492 praever-

785 3577 794 3584 -
897 3505 1037 3558 tam
1057 3536 1082 3576 ‚
1135 3486 1389 3583 quibus
1417 3485 1596 3557 forte
1623 3483 2129 3578 impedirentur
2160 3508 2303 3581 quo
2334 3485 2559 3558 minus
2590 3485 3061 3586 intelligerent
3086 3492 3393 3590 sequen,-

897 3583 1026 3668 tia‚
1077 3584 1150 3654 in
1183 3579 1438 3680 quibus
1462 3579 1903 3652 ostendemus
1937 3582 2304 3675 quomodo
2326 3581 2699 3654 Christiani
2728 3609 2975 3660 omnes
3004 3587 3288 3664 diverfis
3310 3592 3389 3665 in

893 3679 1203 3774 partibus
1239 3678 1612 3750 existentes
1648 3734 1671 3767 ‚
1743 3701 1909 3773 puta
1938 3680 2248 3751 Romani
2382 3679 2776 3755 Refoxmati
2824 3707 2902 3754 ac
2954 3681 3393 3782 Lutherani‚

885 3775 1333 3858 Eucharistia
1369 3771 1552 3848 reete
1581 3796 1661 3844 ac
1697 3774 2013 3869 legitime
2050 3777 2157 3846 uti
2188 3800 2303 3883 por
2330 3797 2437 3848 int
2470 3833 2493 3868 ‚
2546 3776 2711 3849 licet
2762 3777 3017 3878 singuli
3058 3807 3385 3862 ceremo-

895 3873 1041 3946 nias
1067 3893 1274 3972 atque
1301 3871 1664 3969 opiniones
1691 3866 1837 3946 suas
1864 3869 2155 3946 diversas
2183 3891 2367 3946 mter
2389 3871 2546 3948 suos
2556 3895 2863 3974 receptas
2878 3880 3249 3956 retineant.

3020 3975 3145 4052 ΙΙ.
3200 3977 3389 4055 Non
3502 4033 3527 4046 -
