3552 4592
802 96 1055 203 ''384
1200 93 1806 176 limacum
1869 66 2664 205 UnivnrtsALE.
2727 83 3200 171 Sam-‚w

746 296 749 301 .
794 255 849 296 υ
890 235 1063 307 reses
1104 261 1343 309 ornnes
1382 236 1790 332 peffundare
1825 264 1845 325 ;
1900 264 2026 312 cor
2057 237 2096 310 ὲ
2125 238 2368 311 somno
2391 235 2776 310 excitatum
2801 233 3016 307 fc'rire
3053 226 3358 308 &tranfi-

792 366 850 411 υ
887 332 1124 405 fodere
1152 354 1237 415 ut
1256 334 1642 406 salutariter
1664 336 2063 431 inquietum
2096 334 2223 407 ess'e
2253 334 2544 429 incipiat
2579 333 2807 405 donec
2838 332 3002 405 Deo
3029 328 3098 402 se
3123 330 3344 409 dedatz

794 482 850 522 ‚,
888 426 1299 526 efficer'eque
1323 448 1405 502 ut
1428 432 1617 503 idern
1653 432 2038 531 impartiale
2065 430 2208 519 fiat,
2224 430 2514 519 humile,
2535 430 2942 527 pacificumg
2959 426 2999 501 εὶ
3027 425 3222 501 rebus
3244 448 3344 498 ac-

792 592 852 635 „
893 525 1182 600 cess'oriis
1218 525 1625 623 expeditum
1654 577 1681 615 ,
1732 531 1808 605 δε
1847 530 1966 602 uni
1995 527 2124 601 soli
2151 530 2250 601 rei
2295 524 2726 618 neeess'ariae‚
2777 524 3216 624 resignationi
3245 524 3342 595 in·

892 644 1103 718 quam
1144 626 1521 715 voluntatis
1558 626 1631 697 in
1664 649 1907 698 manus
1947 625 2252 699 Domini
2291 682 2312 714 ,
2361 623 2648 697 affixum
2687 654 2706 707 ς
2757 618 3347 717 deniquemsatis·

794 706 1115 817 ''qtacere
1182 719 1515 791 omnibus
1564 744 1725 817 quae
1766 722 2124 807 desiderari
2177 721 2462 817 ppffunt
2511 721 2584 791 in
2633 720 2835 792 omni
2886 717 3344 808 materia-nim

789 817 853 857 '³
894 815 1324 888 Theoretica
1365 838 1517 887 tum
1551 818 1892 908 Praetica,
1928 818 2142 915 inque
2179 819 2427 891 officiis
2476 818 2641 889 vitae
2675 813 2966 888 internae
3003 815 3240 911 pariter
3279 812 3348 885 δι’,

796 929 854 971 ³>
894 930 1247 1002 externae,
1300 932 1453 985 tum
1484 938 1650 1011 erga
1673 916 1937 1003 Deum,
1960 935 2112 988 tum
2143 914 2480 1011 cujusque
2507 938 2674 1013 erga
2701 913 2766 984 se
2793 961 2820 999 ‚
2875 932 3034 983 turn
3061 911 3350 1007 ergaho-

800 1042 857 1082 υ
896 1009 1121 1080 mines
1158 1008 1521 1106 bonosque
1556 1020 1631 1083 ὀί
1679 1015 1947 1095 maiorm
2003 1010 2376 1108 ‘simulque'
2403 1013 2477 1083 in
2523 1010 2856 1083 omnibus
2893 1007 3076 1079 hisce
3115 1024 3348 1078 tantam

799 1154 858 1193 „
898 1106 1113 1176 adeste
1144 1106 1649 1205 ingenuitatem
1689 1165 1711 1199 ‚
1760 1108 2294 1202 facilitatemque
2317 1108 2510 1180 omni
2537 1106 2864 1201 exemplo
2895 1105 3252 1200 majorem,
3275 1100 3350 1173 in

800 1264 860 1305 υ
899 1199 1057 1295 ipsis
1086 1203 1291 1273 etiarn
1345 1203 1554 1276 rebus
1601 1202 2139 1295 sublimiffimis,
2194 1225 2278 1277 ut
2329 1206 2444 1277 vel
2495 1202 2791 1291 infantes
2843 1200 2969 1297 ipsi
2997 1202 3120 1297 qui
3167 1198 3350 1271 bona

902 1300 1061 1369 sunt
1100 1298 1479 1375 voluntatis
1506 1321 1619 1372 eas
1658 1302 2046 1399 intelligere
2082 1298 2332 1397 postint
2374 1326 2398 1386 ς
2467 1318 2870 1394 tantamque
2913 1297 3351 1383 evidentiam,

800 1377 860 1416 ³²
899 1416 979 1463 ac
1016 1394 1395 1468 claritatem
1431 1394 1600 1469 adeo
1620 1394 2088 1470 indubitatam
2115 1444 2139 1485 ‚
2191 1396 2534 1491 fimulque
2563 1394 2863 1485 studium
2891 1394 3066 1465 adeo
3095 1396 3356 1467 inteme-

801 1488 860 1528 ’'
899 1510 1123 1565 ratum
1145 1489 1348 1563 solius
1388 1492 1643 1566 amoris
1680 1493 1818 1563 Dei
1849 1494 2311 1589 promovendi
2341 1493 2744 1591 peccatique
2777 1490 3190 1587 exstirpandi
3215 1542 3240 1581 ‚
3283 1508 3354 1561 uu

802 1599 862 1639 2³
903 1608 1045 1657 non
1082 1588 1349 1661 videam
1380 1587 1745 1684 quomodo
1772 1590 1966 1665 —ullus
1993 1614 2306 1688 unquam
2333 1648 2354 1680 ,
2421 1590 2542 1688 qui
2573 1612 2718 1661 non
2755 1612 2880 1661 cor
2927 1586 3178 1665 habeat
3221 1606 3360 1682 pra·

802 1710 861 1752 22
904 1682 1355 1765 vunrcoram
1404 1686 1565 1767 Deo
1594 1741 1617 1777 ,
1683 1686 1927 1761 eadem
1979 1689 2448 1761 condemnare
2497 1702 2620 1760 aut
2669 1704 3123 1759 contemnere
3169 1676 3354 1779 poffit

802 1822 861 1863 ‚2
902 1779 1271 1876 postquam
1306 1778 1577 1871 scilicet
1604 1806 1681 1856 ea
1705 1839 1731 1872 ,
1779 1806 1900 1858 aut
1941 1783 2134 1857 certe
2173 1784 2516 1880 praeeipua
2551 1806 2639 1853 cx
2677 1781 2760 1855 iis
2793 1806 2942 1855 non
2967 1780 3121 1865 ,fine
3153 1800 3356 1853 atten-

798 1933 861 1976 „
904 1876 1092 1949 tione
1128 1877 1381 1975 legerit
1418 1906 1441 1965 3
1494 1882 1571 1955 ὅτ,
1594 1880 1997 1980 ·Apologias
2033 1902 2278 1956 eorum
2319 1878 2624 1975 {imiliter
2650 1876 3184 1973 perlustraverit.
3271 1874 3362 1948 Et

903 1972 1056 2045 haec
1084 1978 1366 2069 quidem
1396 1975 1922 2071 compertiffima
1951 1976 2176 2051 habeo
2207 2026 2230 2066 ,
2281 1975 2356 2049 δι
2383 1973 2764 2049 firmiffime
2797 1976 3108 2049 ass'evero
3139 1998 3158 2047 ε
3207 1992 3363 2043 con·
3396 2036 3402 2043 .

904 2069 1265 2166 viffloque
1308 2096 1505 2159 mea,
1544 2094 1693 2167 'qua
1728 2096 1880 2153 eam
1932 2074 1973 2145 a
2019 2074 2258 2146 divino
2305 2072 2569 2169 Spiritu
2609 2072 2956 2145 eruditam
2987 2072 3364 2145 animatam*

909 2189 1051 2261 que
1092 2166 1293 2239 tuiss'e
1328 2167 1676 2263 persuasus
1719 2174 1916 2259 sum,
1967 2170 2214 2243 clar-ior
2255 2169 2358 2245 est
2389 2220 2409 2255 ,
2471 2168 2770 2241 vividior
2809 2190 3024 2265 atque
3057 2166 3356 2254 firmior,
3464 2203 3477 2218 ·

844 2284 848 2288 ·
910 2284 1120 2358 quam
1152 2282 1235 2338 ut
1274 2265 1361 2338 ab
1389 2266 1529 2350 alio
1556 2288 1763 2362 atque
1805 2292 1843 2340 a
1883 2268 2044 2340 Deo
2079 2294 2126 2342 o
2179 2284 2408 2341 erante
2443 2262 2810 2361 effopossit
2837 2315 2863 2354 ,
2913 2258 3360 2376 quamqueab

908 2361 1051 2433 ulla
1066 2359 1289 2456 poflit
1314 2382 1625 2438 creatura
1662 2363 1753 2453 (fi
1783 2386 2015 2440 tamen
2043 2389 2080 2435 a
2195 2389 2277 2436 eo
2315 2385 2458 2437 non
2485 2361 2772 2447 deserar)
2819 2387 2910 2436 ex
2933 2363 3190 2436 intimis
3209 2357 3358 2432 meis

898 2459 1250 2556 expungi.
1348 2459 1611 2556 Neque
1636 2460 1886 2536 dubito
1929 2459 2100 2557 quin
2153 2459 2370 2534 fimiie
2399 2459 2572 2554 quid
2619 2482 2698 2532 ca
2725 2459 2796 2531 in
2824 2483 2904 2532 re
2937 2458 3360 2554 experiantur

908 2549 1357 2651 fimplicioi·es
1386 2560 1649 2654 quique
1678 2581 1986 2653 quorum
2017 2581 2141 2630 cor
2175 2557 2508 2632 fincerum
2543 2554 2644 2626 est
2667 2611 2694 2645 ,
2743 2557 2908 2628 Deo
2949 2557 3202 2630 auditae'
3231 2553 3364 2623 Ve-

865 2651 1091 2722 «ritati
1146 2651 1421 2749 pondus
1450 2655 1531 2728 &
1568 2655 1709 2725 vim
1754 2659 1849 2726 ita
1883 2653 2224 2748 addente,
2279 2673 2360 2726 ut
2401 2651 2607 2725 facile
2658 2652 2707 2724 ii
2747 2645 3362 2748 subfistere‘poffim

908 2770 1155 2822 contra
1186 2749 1587 2824 Doctorum
1615 2748 2110 2824 adversantium
2153 2749 2224 2824 sn
2273 2748 2560 2822 hismata
2586 2747 2658 2820 ὅτ,
2691 2749 3028 2840 technas„
3077 2773 3234 2845 quae
3249 2767 3364 2818 eo-

908 2867 1055 2918 ram
1090 2869 1302 2943 opere
1338 2847 1481 2922 Dei
1510 2845 1582 2918 in
1613 2845 1824 2920 corde
1856 2903 1878 2938 ,
1931 2848 2178 2922 inaniae
2213 2775 2374 2918 Kmt
2405 2869 2616 2918 merce
2645 2847 2719 2918 &
2763 2845 3038 2940 stipulae
3071 2867 3096 2937 3
3145 2843 3200 2916 fi
3235 2863 3362 2917 nnn

912 2941 1142 3018 verbis
1174 2980 1207 3032 ·,-
1250 2963 1608 3016 contemtu
1640 2942 2072 3018 vindicandae
2103 3001 2126 3035 ‚
2179 2945 2254 3018 &
2287 2943 2402 3015 vel
2420 2941 2560 3015 sola
2588 2940 2884 3014 veritatis
2905 2937 3240 3039 oppositae
3257 2937 3386 3012 des·

908 3040 1284 3113 claratione
1312 3039 1727 3128 refellendae,
1748 3039 1843 3114 fic
1869 3059 1954 3114 ut
1987 3039 2238 3124 frustra
2276 3026 2500 3112 futuri
2531 3039 2662 3110 {int
2711 3037 2990 3110 tandem
3033 3049 3372 3134 quotquot

912 3137 1272 3218 veritatem
1304 3160 1385 3208 ac
1412 3137 1890 3216 innocentiam
1926 3139 2316 3245 opprimere
2345 3137 2416 3208 in
2451 3135 2760 3208 animum
2795 3135 3158 3214 inducent.
3250 3131 3370 3206 Fa·

884 3233 1102 3308 cient
1129 3234 1385 3333 pugnis
1418 3237 1495 3310 &
1526 3234 1944 3310 clamoribus
1977 3233 2278 3309 millum
2305 3219 2439 3305 suis
2461 3287 2484 3324 ,
2543 3237 2816 3320 (contra
2845 3255 3060 3329 quam
3097 3227 3370 3326 opinan-

909 3330 1057 3417 tur)
1115 3354 1193 3405 ut
1236 3331 1481 3406 clarior
1514 3351 1724 3429 atque
1760 3331 1999 3429 purior
2029 3328 2168 3427 ipsa
2197 3347 2518 3426 appareat
2551 3354 2572 3415 ;
2637 3328 2924 3424 perinde
2957 3351 3038 3402 ac
3071 3325 3372 3400 videmus

908 3453 1077 3503 eum
1118 3431 1240 3526 qui
1290 3429 1521 3506 sordes
1554 3429 1709 3503 odit
1756 3485 1778 3519 ,
1845 3423 1896 3498 fi
1935 3449 2148 3500 coeno
2181 3427 2560 3520 impetatur
2592 3479 2617 3514 ‚
2681 3420 2830 3519 eju}
2869 3422 3370 3498 absterfioneac

904 3525 1270 3602 ablutione
1298 3527 1527 3598 multo
1566 3524 1914 3621 puriorem
1941 3547 2153 3620 quarn.
2179 3543 2378 3598 antea
2401 3543 2748 3618 apparere.

994 3622 1219 3720 Quod
1252 3641 1481 3696 autem
1518 3619 1924 3718 hujusmodi
1947 3617 2382 3694 absterfionis
2405 3617 2719 3693 officium
2757 3619 2822 3690 ei
2855 3641 3046 3692 nunc
3069 3613 3370 3706 exhibw

905 3745 1054 3796 non
1082 3721 1243 3795 inde
1276 3717 1463 3794 venit
1498 3719 1695 3815 quod
1727 3716 2038 3813 personae
2065 3715 2272 3794 alicui
2303 3773 2326 3806 ‚
2375 3735 2612 3813 neque
2651 3713 2814 3787 huic
2857 3716 3162 3814 proinde
3191 3767 3214 3800 ,
3253 3713 3372 3787 hu·

900 3839 1109 3894 mano
1134 3819 1523 3902 adhaeream
1550 3811 1833 3893 affeetu.
1897 3812 1984 3888 ad
2011 3811 2221 3890 solam
2246 3810 2543 3910 respicio
2567 3809 2952 3891 Veritatem
2985 3813 3374 3978 bonumssuq

1808 3945 1816 3953 .
1871 3957 1888 3966 ,
1997 3945 2004 3956 .
3315 3925 3372 3974 ei
