3552 4592
776 95 1880 250 Confideratimesspecialt'ores.
1933 159 2058 244 13.
2539 153 2590 239 7
2605 157 2634 211 1
2647 158 2706 240 9

172 273 439 354 flatione
480 299 621 354 tam
665 298 703 351 e
748 281 1516 357 Catholico-Romanis
1552 305 1760 382 quam
1801 305 1843 362 e
1872 273 2416 364 P‘rotestantium
2449 274 2707 374 praecif'

170 379 335 476 puis
371 399 705 476 apparent
732 437 758 471 ,
809 406 962 454 eam
999 403 1196 455 extra
1240 405 1529 455 omnem
1566 383 1818 453 ridicula·
1857 379 1934 452 &
1951 380 2320 470 sedm‘liom's
2360 373 2698 471 suspicio·
2794 387 2806 392 '

172 499 343 550 nem
380 477 659 550 abunde
693 477 1049 553 collocant
1067 537 1098 571 ,,
1151 481 1363 554 uti&
1394 477 1609 578 ipsam
1632 479 2022 574 Theologiam
2053 471 2404 578 Mysticam
2429 497 2508 546 ea
2533 495 2693 571 quae

76 637 86 642 -
169 572 626 670 (a),superius
656 575 747 648 de
780 577 940 673 ejus'
962 596 1209 650 natura
1230 576 1541 675 &scopo
1566 573 2086 652 annotavimus.

30 679 45 690 ’
265 673 489 746 Anno
514 698 544 745 1
562 695 701 770 701
721 729 737 745 .
764 673 997 747 recusa
1024 675 1127 748 est
1151 699 1311 748 cum
1344 674 1750 772 praefatione
1783 696 1971 746 nova
1989 667 2118 744 sub
2145 668 2360 742 titulo
2389 667 2476 756 (b)
2505 671 2693 742 Chri·
2752 663 3032 758 Christiq-

146 771 356 865 stiani
380 775 558 841 realis
585 828 609 862 ‚
662 771 947 846 duobus
974 773 1231 847 Tomis
1250 830 1274 864 ,
1326 773 1607 846 Gallice
1627 831 1649 864 ,
1680 770 1914 868 primo
1941 821 1962 855 ‚
2013 775 2166 841 Vita
2191 765 2590 840 Marchionis
2607 771 2688 838 de
2721 761 2826 802 ‘¹²¹⁵
2843 747 3052 806 &²¹¹2

162 875 412 966 Renty,
464 865 821 965 saepiffime
854 872 921 942 in
957 870 1214 943 Galliis
1249 873 1545 966 praelum
1572 869 1802 967 pafl'a;
1853 866 1966 940 sed
1997 885 2172 938 tunc
2201 864 2416 938 rarior
2445 919 2468 954 ,
2521 887 2688 962 quae

166 961 223 1038 fi
264 991 305 1038 a
340 963 583 1038 nostro
605 965 959 1041 Parrhasio
992 970 1172 1042 inter
1202 973 1497 1060 stultitias
1519 972 1867 1060 seducentes
1897 982 2306 1038 numeretur
2328 1011 2351 1051 ‚
2404 960 2689 1037 habebit

163 1059 303 1136 fibi
340 1084 427 1133 ea·
452 1061 527 1136 in
554 1088 629 1135 re
669 1065 1051 1138 contrarios
1136 1073 1446 1163 uotquot
1482 1067 1725 1140 Deum
1770 1065 1847 1138 δε
1889 1063 2220 1135 virtutem
2265 1083 2410 1133 non
2447 1058 2688 1156 prose·

162 1179 503 1257 quuntur
544 1161 711 1235 odio
737 1219 761 1252 ,
814 1163 959 1236 imo
1004 1165 1078 1237 &
1172 1164 1310 1236 i-ros
1346 1189 1533 1260 quos
1573 1163 1861 1260 ipsemet
1916 1167 2061 1232 nnn
2093 1158 2300 1255 barvi
2347 1155 2637 1232 aestimat
2663 1185 2689 1232 ι

168 1259 497 1354 quamvis
526 1259 719 1330 enim
746 1260 875 1334 Vir
912 1260 1029 1334 ille
1060 1259 1549 1334 illustriffimus
1578 1261 1810 1334 animo
1836 1259 1910 1332 &
1937 1255 2136 1330 saetis
2159 1254 2510 1352 Mysticus
2530 1254 2686 1328 fue·

164 1359 264 1427 rit
305 1357 603 1427 omnino
638 1405 667 1445 ,
730 1357 877 1431 imo
922 1359 999 1432 δί
1034 1357 1821 1433 Romano-catholicus
1859 1381 1882 1442 3
1946 1353 2400 1429 nihilominus
2445 1372 2681 1428 tamen

166 1454 419 1551 co’e'git
456 1454 701 1526 veritas
738 1457 843 1529 u-ti
878 1453 917 1527 ἐ
956 1456 1505 1531 Protestant'ibus
1534 1451 1815 1530 Βοᾶοι·
1845 1453 2226 1534 Burnetius
2251 1508 2274 1543 ,
2297 1470 2485 1523 nunc
2499 1449 2678 1548 Epi-

156 1549 951 1648 scopus‘Salisburienfis
985 1609 1007 1643 ‚
1058 1556 1175 1626 cui
1214 1555 1317 1626 D.·
1340 1553 1663 1627 Clericus
1702 1551 2034 1649 quaedam-
2062 1573 2276 1646 opera
2321 1547 2440 1622 sua
2481 1546 2678 1622 dedi-

140 1649 353 1721 tavit
378 1705 401 1739 ‚
455 1649 819 1723 testaretur
853 1708 875 1741 ‚
924 1651 1026 1744 (c)
1051 1672 1206 1728 eam
1226 1652 1473 1725 Vitam
1509 1651 1667 1724 nihil
1677 1651 1945 1746 fabulofi
1973 1651 2282 1720 redolere:
2331 1649 2571 1718 elucere
2607 1655 2673 1722 in
2737 1671 2810 1740 (c)
2852 1669 2994 1730 pref:

154 1773 236 1818 ea
271 1752 548 1818 Virtutes
586 1750 735 1818 adeo
759 1752 1142 1845 praeclaras,
1188 1773 1253 1820 ut
1285 1755 1385 1820 ille
1410 1807 1443 1840 ,.
1483 1754 1587 1846 qui
1622 1747 1864 1840 easdem
1897 1752 2179 1817 exercuit
2211 1801 2236 1836 ,
2283 1751 2500 1815 merito
2522 1769 2670 1817 tan-
2691 1743 2786 1819 fier
2801 1747 2853 1802 1⁶¹
2865 1751 2954 1804 vie
2968 1748 3033 1830 ‘le

164 1869 359 1938 quam
386 1873 569 1916 unum
616 1873 649 1913 e
670 1851 993 1941 primariis
1026 1901 1049 1934 ‚
1100 1873 1221 1944 qua
1262 1845 1459 1936 nostro
1504 1873 1630 1916 aevo
1668 1846 1885 1914 Gallia
1927 1843 2420 1939 suppeditaverit
2453 1869 2668 1913 exem-
2701 1825 2794 1882 M·
2827 1823 2994 1884 ³²¹⁶·

138 1945 279 2039 plis
305 1995 329 2029 ,
380 1941 599 2012 haberi
637 1942 889 2014 debeat.
982 1941 1070 2015 In
1096 1944 1319 2017 altero
1349 1962 1585 2018 autem
1602 1941 1848 2014 Tomo
1869 1989 1896 2028 ,
1950 1939 2170 2013 exstat
2190 1944 2342 2008 Vita
2371 1939 2674 2038 dascipulae

152 2037 473 2132 cbjusdam
496 2042 802 2136 Religiosae
826 2043 1083 2110 Domini
1103 2045 1179 2112 de
1194 2047 1391 2145 Renty
1423 2099 1446 2134 ‚
1498 2042 1577 2114 in.
1596 2063 1736 2137 qua
1754 2038 2020 2112 eaedem
2040 2055 2252 2133 atque
2273 2035 2347 2108 in
2374 2034 2498 2106 illo
2523 2037 2672 2110 vir-

152 2153 351 2209 tutes
382 2159 463 2208 ac
500 2136 641 2210 Dei
726 2137 913 2210 ratiae
942 2135 1379 2214 admirabiles
1401 2137 1669 2238 prorsus
1700 2156 1912 2234 atque
1937 2131 2350 2210 solidiffimae
2378 2191 2402 2226 ,
2449 2133 2667 2208 refu-1-

147 2233 417 2307 ssrunt.
513 2233 677 2308 Sole
732 2253 802 2309 at
838 2235 1048 2333 virgo
1104 2237 1539 2337 Burignonia
1586 2233 1857 2339 gestare
1897 2231 2160 2332 semper
2195 2229 2430 2305 secum
2463 2289 2488 2325 ,
2541 2257 2671 2308 ve-

154 2330 537 2407 nerationis
563 2334 788 2431 gratia
814 2382 839 2423 ‚
887 2334 1200 2407 libellum
1224 2337 1297 2408 in
1314 2362 1459 2434 quo
1480 2337 1804 2434 pleraque
1827 2330 2046 2406 verba
2065 2330 2446 2404 salvatoris
2465 2350 2666 2406 erant

145 2428 501 2527 descripta
528 2489 548 2524 ,
602 2432 678 2505 &
712 2433 821 2503 cui
854 2432 1211 2505 nonnullae
1248 2438 1758 2505 Exclamationes
1783 2433 1966 2533 fiaper
1987 2436 2129 2501 vita
2153 2434 2372 2527 gratia
2401 2478 2423 2513 ,
2467 2446 2668 2501 eran-t

150 2526 525 2615 subnexae.
617 2528 854 2603 Hasce
880 2552 970 2601 ex
1000 2554 1086 2600 eo
1118 2528 1365 2605 libello
1388 2588 1413 2625 ,
1464 2530 1591 2629 qui
1627 2552 1839 2627 penes
1875 2548 1988 2599 me
2021 2525 2124 2600 est
2148 2582 2172 2619 ,
2223 2524 2461 2599 curavi
2495 2525 2664 2599 huic

148 2624 473 2700 fecundo
496 2626 745 2701 Tomo
776 2626 862 2699 ad
903 2626 1119 2701 finem
1160 2629 1391 2727 adjici.
2440 2628 2450 2643 ⁸

242 2725 421 2797 Hoc
442 2742 759 2821 tempore
782 2723 1057 2799 circiter
1071 2748 1232 2799 cum
1262 2726 1553 2800 Amicus
1569 2720 1852 2823 quidam
1875 2746 2068 2796 meus
2085 2718 2448 2819 singularis
2469 2718 2657 2795 Eru-
2725 2732 2960 2795 Sanckus

140 2818 437 2895 ditionis
464 2845 545 2895 ac
574 2822 847 2918 pietatis
872 2823 1041 2895 mihi
1064 2824 1349 2898 mifiss'et
1374 2823 1808 2899 historiolam
1839 2822 2010 2893 vitae
2033 2843 2116 2894 ac
2145 2817 2392 2891 mortis
2419 2818 2662 2928 pii-cu·
2697 2808 2999 2894 Profugus.

133 2917 423 3019 jusdam
456 2918 737 3017 juvenis
768 2944 859 2991 ex
891 2944 1135 2994 eorum
1168 2946 1464 2995 numero
1494 2922 1618 3020 qui
1670 2944 1709 2993 e
1758 2918 1993 3015 Gallia
2040 2914 2138 2990 ob
2186 2916 2662 3084 Relifftonem·

138 3014 645 3091 Reformatam
690 3017 1062 3091 inhibitam
1102 3016 1309 3114 profu
1368 3021 1389 3091 i
1438 3018 1602 3093 sunt
1626 3067 1653 3107 ,
1702 3038 1911 3113 quam
1937 3015 2056 3087 ille
2089 3012 2380 3086 historio
2409 3037 2518 3085 am
2555 3032 2662 3086 te-

144 3115 273 3189 stis
299 3114 617 3189 oculatus
650 3108 926 3189 Gallice
964 3042 1461 3214 conscriplffrat
1494 3146 1523 3202 3
1576 3138 1725 3189 eam
1752 3136 1890 3211 ego
1913 3110 2039 3185 sub
2069 3110 2278 3185 titulo
2299 3160 2323 3199 ,
2375 3114 2468 3195 (a)
2490 3118 2664 3185 San-

144 3216 287 3286 flus
326 3218 625 3313 Profuguc
660 3270 685 3305 ,
720 3218 855 3310 five
880 3272 905 3307 ,
959 3222 1111 3289 Vita
1151 3234 1247 3289 (9‘
1284 3222 1474 3286 Mors
1509 3216 1911 3310 Exemplaris
1957 3216 2238 3284 Werneri
2287 3214 2330 3259 *Ι*
2362 3208 2415 3252 *”
2444 3208 2660 3281 eden*
2751 3216 2754 3223 '

136 3312 308 3385 dam
343 3311 609 3385 curavi.
681 3311 753 3383 in
787 3336 925 3405 qua
956 3312 1247 3409 quidem
1276 3332 1526 3410 praeter
1561 3309 1886 3405 exempla
1925 3304 2010 3380 ad
2046 3305 2510 3379 Christianam
2545 3306 2664 3377 vi-

137 3430 291 3483 tam
323 3432 485 3483 cum
521 3406 984 3508 abnegatione
1020 3409 1189 3485 seria
1238 3413 1315 3486 &
1358 3409 1700 3485 fidelitate
1752 3406 2020 3481 summa
2063 3403 2440 3478 ineundam
2478 3402 2655 3513 vivi-

140 3508 237 3579 de
284 3508 641 3581 moventia
674 3564 699 3600 ‚
746 3506 927 3582 nihil
960 3506 1149 3583 aliud
1192 3532 1423 3605 neque
1450 3509 1765 3585 ridendum
1796 3528 2022 3601 neque
2055 3506 2352 3599 seducens
2392 3522 2666 3598 reperi·r

142 3629 229 3681 te
264 3601 391 3677 est.

2299 3691 2400 3787 (a)
2455 3700 2665 3793 Care-

232 3860 313 3932 (ae)
353 3866 499 3940 δην.
532 3860 617 3919 αἱ
630 3882 774 3923 nm.
809 3881 899 3920 ιο.
944 3862 1119 3940 wfin
1152 3866 1384 3925 natium..

235 3936 310 4009 sb)
348 3944 419 3997 Le
446 3939 677 4000 chneien
706 3938 809 3999 veel
830 3977 847 4004 ,
894 3960 957 3999 ou
985 3944 1037 4001 la
1066 3946 1159 4008 Vre
1182 3944 1247 4001 du
1269 3943 1513 4021 Mar-quis
1527 3940 1587 3999 de
1608 3944 1784 4020 Reney
1810 3946 1914 3999 &e.

232 4015 313 4092 (d)
350 4019 583 4079 &Sdnt
594 4014 817 4101 angs‘d
833 4054 853 4086 ‚
888 4036 951 4079 on
970 4020 1025 4079 ιι
1052 4022 1144 4089 Vk
1172 4038 1250 4089 v·
1273 4020 1329 4079 u
1349 4038 1485 4081 mm
1502 4018 1794 4099 Edifiames
1813 4016 1874 4073 de
1895 4016 2190 4081 Wmerur.
2225 4053 2242 4069 .
2279 4052 2294 4071 .
2331 4048 2366 4071 .-
