3552 4592
756 148 1371 261 Confiderationes
1381 151 1856 270 specialiores.
1901 183 2024 262 24.
2071 269 2077 274 .
2507 167 2663 271 769

174 302 252 374 &
296 322 503 396 porro
548 319 813 370 errores
864 319 1070 394 atque
1110 297 1401 372 haereses
1429 345 1454 386 ,
1503 319 1751 372 contra
1792 299 2086 396 ipsarum
2142 301 2659 400 Scripturarurn

170 395 383 470 finem
414 398 489 469 &
520 394 807 490 scopum
837 452 860 485 ‚
912 399 1223 491 adeoque
1263 414 1504 466 contra
1527 394 1798 466 sensum
1834 422 2078 468 verum
2099 445 2122 487 ‚
2143 400 2498 473 eliciebat:
2530 427 2662 498 po-

166 493 529 566 steriorem
560 493 729 564 vero
770 516 848 564 ac
880 493 1201 564 divinum
1240 547 1263 582 ,
1314 515 1526 586 quem
1572 493 1954 587 Scripturae
1989 494 2212 566 verbis
2248 496 2512 570 tectum
2555 523 2663 571 re-
2715 523 2720 526 ·

167 613 327 663 cens
357 591 757 700 experitur,
809 596 1075 685 quique
1096 587 1232 685 ipse
1252 587 1351 658 est
1374 587 1462 659 de
1488 611 1633 684 quo
1666 587 1986 662 Christus
2019 647 2066 690 ².
2096 591 2293 662 verba
2331 623 2451 701 quae
2489 601 2662 665 vobis

163 690 371 784 loquor
390 692 536 782 fiant
570 690 825 782 spiratus
865 707 959 754 ω’
997 694 1187 772 vita3
1241 707 1385 756 non
1425 685 1559 756 ess'e
1608 687 1679 755 in
1723 683 1842 758 sua
1864 687 2218 782 potestate
2246 746 2269 778 ‚
2321 689 2660 785 liquidem

162 804 357 856 antea
383 781 507 855 etsi
538 783 803 877 lege'ret
834 781 1217 875 Scripturas
1240 803 1401 851 cum
1422 783 1627 852 omni
1666 781 1994 854 Rationis
2032 787 2351 860 humanae
2381 811 2661 859 accura-

159 898 389 976 taeque
428 879 730 949 Critices
771 877 1205 962 industria&
1236 876 1514 965 labore,
1567 879 1735 949 nihil
1760 876 1982 950 {imile
2013 901 2282 975 poterat
2313 881 2434 953 sibi
2467 886 2656 955 exci-

2702 635 2865 704 Joan.
2907 642 2966 692 5.

40 1023 45 1030 -
160 993 323 1048 tare.
429 977 631 1081 Ergo
670 972 1051 1046 desiderans
1076 975 1155 1046 in
1189 972 1543 1067 posterum
1578 974 1816 1045 vivum
1851 1031 1876 1064 ‚
1905 974 2345 1074 solidumque
2375 979 2446 1050 ὃ(
2469 981 2655 1053 divi-

45 3072 56 3080 ,
160 3000 682 3099 Scripturarum
713 2998 895 3072 sensa
924 2998 1328 3093 objectaque
1355 2999 1509 3067 viva
1539 3000 1611 3069 &
1639 2996 1798 3075 vive
1820 2994 2216 3082 afficientia,
2246 3001 2473 3091 primo
2494 3000 2647 3094 qui-

156 1095 333 1146 num
375 1073 891 1168 Scripturarum
923 1127 947 1161 ,
993 1095 1167 1167 quas
1188 1070 1441 1141 deinde
1470 1069 1775 1144 lecturus
1805 1072 1936 1143 erit
1969 1129 1990 1163 ‚
2045 1072 2316 1146 sensum
2341 1079 2658 1170 acquire·-

157 1193 271 1252 re,
296 1192 507 1265 quem
532 1188 723 1258 nunc
756 1168 947 1240 videt
981 1167 1021 1238 a
1056 1164 1207 1239 solo
1234 1164 1405 1238 Deo·
1428 1165 1814 1263 proficisci;
1855 1170 1996 1262 jam
2028 1163 2228 1241 ailiam
2259 1173 2404 1266 ejus
2431 1165 2665 1268 adipi-'

158 1263 430 1360 scendi,
459 1264 655 1336 aliam
692 1261 1019 1336 studendi
1052 1262 1502 1358 ampleffitur
1527 1263 1702 1334 viam
1730 1288 1750 1349 3
1779 1261 2037 1336 scilicet
2061 1266 2380 1339 humiliat
2405 1266 2469 1339 sc
2495 1264 2658 1363 pro-.-
2771 1307 2782 1310 -

155 1359 375 1434 funde
406 1385 639 1434 coram
674 1360 1017 1433 Creatore
1042 1358 1208 1448 sue,
1266 1361 1341 1432 &
1372 1357 1747 1432 confitetur
1791 1359 1892 1431 illi
1929 1361 2409 1456 impotentiam
2449 1365 2696 1451 suam‚·

159 1458 235 1531 &
262 1460 660 1530 coecitatem
695 1513 717 1548 ‚
769 1460 915 1529 imo
948 1455 1537 1552 &indignitatem
1576 1457 1955 1552 recipiendi
1989 1457 2268 1532 luminis
2309 1459 2405 1531 sui
2449 1460 2656 1534 intel-

156 1551 517 1652 leElmsque
556 1553 643 1624 ab
680 1579 766 1626 eo
803 1553 1123 1625 illustrati
1164 1573 1446 1648 propter
1496 1551 1860 1624 innumera
1909 1575 2189 1650 peccata
2241 1555 2315 1628 &
2368 1555 2656 1629 abusum

159 1652 481 1723 omnium
520 1649 925 1722 facultatum
957 1648 1226 1720 suarum
1268 1649 1340 1719 in
1375 1646 1516 1720 vita
1545 1647 1852 1720 anteacta
1881 1673 1898 1717 :
1959 1651 2030 1721 &
2059 1651 2468 1748 deprecatur
2500 1654 2656 1725 Do-

158 1747 431 1820 minum
476 1763 551 1817 ut
586 1770 712 1842 pro
750 1743 1084 1818 immensa
1118 1741 1584 1816 misericordia
1627 1743 1742 1814 sua
1772 1753 2022 1840 aperiat
2053 1749 2170 1842 ipsi
2206 1755 2400 1818 oce-dm
2443 1775 2510 1834 qt
2548 1757 2653 1818 vi·
2680 1739 2699 1750 “

159 1847 305 1914 deae
336 1847 655 1915 mirabilia
676 1843 901 1939 de-lege
924 1845 1035 1934 sua
1063 1898 1083 1933 ,
1135 1831 1493 1935 <hirtasque
1523 1842 1911 1932 lucem'fizam
1943 1845 2022 1918 φ’
2042 1849 2370 1916 veritatem
2402 1846 2653 1918 verita-

161 1938 335 2012 tisve
376 1941 710 2036 Spiritum
747 1941 867 2034 qui
898 1937 997 2009 est
1030 1941 1103 2010 in
1132 1937 1378 2011 Verbo
1402 1937 1711 2009 AEterno
1746 1937 1939 2032 quod
1976 1963 2118 2007 caro
2149 1943 2398 2034 fastum
2441 1949 2532 2012 eft
2571 1961 2650 2014 ut
2755 2023 2762 2032 ,

160 2035 395 2109 habitet
436 2063 499 2106 m
528 2036 698 2108 nobis
722 2075 749 2122 ,-
796 2037 873 2108 &
906 2035 1235 2130 loquatur
1263 2034 1335 2106 in
1372 2027 1579 2105 nob‘ts
1613 2037 1808 2102 verba
1838 2059 1959 2126 qua
1984 2037 2120 2122 sunt
2148 2043 2414 2136 Spiritus
2445 2042 2522 2113 ὠ·
2549 2047 2651 2107 vi-

162 2141 273 2221 ta,
324 2138 672 2227 reveletque
700 2155 777 2202 ac
810 2129 1175 2227 patefaciat
1209 2128 1415 2202 nobis
1450 2135 1701 2200 Patrem
1726 2176 1751 2216 ‚
1787 2131 1978 2222 seque
2005 2133 2193 2226 ipsum
2213 2179 2238 2218 ,
2279 2155 2367 2204 ac
2392 2157 2652 2204 mentem

160 2225 235 2302 &
256 2230 494 2327 senfiam
530 2227 831 2324 Spiritus
862 2227 960 2302 sui
990 2284 1012 2320 ,
1066 2225 1445 2301 secundum
1481 2223 1794 2322 promiffa
1826 2223 1946 2299 sua
1979 2224 2487 2303 fallerenescia.
2549 2230 2650 2304 Et

160 2344 328 2399 tunc
358 2328 559 2401 Deus
583 2374 608 2414 ‚
660 2326 776 2431 qui
809 2352 913 2396 cor
941 2332 1265 2396 contritum
1286 2328 1367 2401 ὠ
1386 2325 1765 2394 humiliatum
1787 2346 1900 2392 non
1921 2323 2173 2419 despicit
2198 2382 2220 2414 ,
2249 2324 2607 2422 qui-verax
2625 2376 2649 2415 ,

161 2417 390 2517 bonus
414 2425 490 2497 &
513 2443 763 2519 potens
780 2474 799 2507 ,
848 2420 1173 2519 promissa
1202 2418 1326 2492 scit
1350 2417 1611 2491 servare
1634 2419 2118 2491 reverentibus
2140 2418 2384 2492 faciem
2422 2420 2660 2517 iplius;

164 2518 238 2591 &
258 2522 435 2591 dives
458 2525 551 2590 eff
584 2518 851 2589 omnibus
883 2517 1309 2587 invbcamibus
1348 2542 1478 2585 eum
1501 2572 1523 2606 ‚
1576 2516 1838 2611 quique
1883 2517 2070 2587 nulla
2102 2540 2281 2612 opus
2310 2516 2518 2591 habet
2571 2519 2648 2593 in

162 2614 367 2691 nobis
394 2616 661 2689 Critica
696 2664 739 2701 ,.
779 2612 1095 2711 Logica‚
1140 2609 1600 2706 Philosophia
1636 2632 1719 2685 ut
1760 2610 2106 2685 illuminet
2130 2669 2153 2701 ‚
2209 2612 2524 2687 vivificet
2564 2640 2643 2687 ac

160 2710 493 2787 reformet
516 2732 895 2784 creaturam
933 2710 1117 2782 suam
1150 2734 1170 2795 3
1224 2707 1330 2781 sed
1364 2728 1637 2779 tantum
1668 2707 2056 2780 humilitate
2093 2710 2321 2780 cordis
2359 2712 2433 2781 in
2473 2736 2656 2802 com,

160 2804 394 2903 spectu
437 2806 581 2903 'ejus
624 2804 900 2902 expansi
926 2856 950 2894 ,
1006 2803 1347 2877 illucescit
1380 2802 1582 2900 ipsius
1615 2804 1879 2891 intimis
1903 2861 1924 2893 ‚
1958 2804 2461 2881 achitellccfftui·
2499 2810 2644 2905 ejus

161 2903 408 2995 paffive
444 2906 511 2975 ei
545 2903 867 2999 expolito
906 2898 1183 2997 detegit
1214 2900 1421 2996 seque
1444 2898 1689 2996 resque
1720 2899 1863 2971 suas
1889 2901 2155 2972 divinas
2177 2958 2198 2990 ,
2233 2920 2444 2997 atque
2473 2908 2642 2975 adeo

160 3094 315 3169 dem
339 3118 681 3195 quantum
712 3096 793 3166 ad
828 3095 1179 3167 salutarem
1206 3093 1455 3165 animae
1478 3094 1549 3163 in
1589 3092 1753 3161 Deo
1779 3093 2202 3191 progressum
2233 3093 2493 3165 necesse
2517 3096 2648 3188 cst,

158 3188 405 3268 deinde
436 3194 649 3267 etiam
704 3200 946 3287 (prout
981 3191 1051 3262 id
1080 3214 1119 3260 e
1151 3212 1221 3260 re
1247 3188 1515 3285 judicat
1543 3188 1775 3271 Deus)
1828 3190 1909 3259 ad
1956 3189 2450 3262 abundantiam
2477 3248 2500 3281 ‚
2554 3194 2648 3267 ita

158 3308 243 3361 ut
272 3292 500 3365 anima
530 3293 605 3362 in
631 3288 905 3361 infinita
942 3284 1377 3361 mirabilium‘
1403 3283 1542 3357 Dei
1573 3284 1899 3356 varietate
1937 3285 2261 3357 delectari
2285 3342 2306 3375 ‚
2339 3287 2413 3359 δε
2445 3308 2532 3358 ex
2566 3289 2646 3361 iis

135 3380 391 3473 ·Deum
423 3386 740 3459 admirari
766 3386 841 3459 &
867 3382 1185 3457 laudibus
1208 3382 1480 3454 aeternis
1503 3378 1844 3453 celebrare
1866 3384 2050 3477 potis
2080 3380 2164 3453 sit
2193 3407 2208 3451 ε
2241 3383 2430 3454 videt
2453 3386 2642 3457 enim

160 3476 279 3552 illa
306 3483 431 3556 fibi
464 3480 905 3556 intellectum
934 3530 957 3569 ,
1010 3479 1136 3557 fibi
1165 3479 1431 3557 lumina
1457 3531 1478 3563 ‚
1525 3476 1647 3549 fibi
1680 3476 1943 3571 objecta
1975 3478 2051 3550 δε
2075 3476 2416 3551 mirabilia
2440 3480 2512 3553 in
2537 3482 2642 3553 in..

161 3574 443 3655 finitum
481 3579 798 3665 dilatari,
848 3576 1139 3649 verbum
1184 3599 1399 3671 atque
1451 3580 1810 3644 mandatum
1845 3580 1974 3643 Dei
2014 3574 2147 3646 ess'e
2181 3580 2375 3643 latum
2418 3584 2644 3646 nimis:
2683 3605 2765 3664 pfl
2777 3628 2902 3677 119:
2931 3622 3024 3683 96·

157 3670 429 3751 divitias
453 3699 664 3775 atque
694 3674 1050 3749 thesauros
1070 3696 1225 3769 quae
1260 3673 1328 3742 in
1354 3668 1642 3751 Christo
1667 3722 1687 3755 ,
1717 3670 2135 3765 (Scripturae
2167 3670 2476 3765 objectQ
2503 3672 2644 3745 fine

158 3794 237 3843 ac
266 3772 521 3875 scopo)
573 3774 1003 3870 deteguntur
1034 3772 1203 3842 tales
1241 3768 1376 3841 ess'e
1403 3824 1424 3859 ,
1478 3786 1559 3843 ut
1592 3790 1729 3837 non
1766 3768 2120 3838 immerito
2158 3766 2412 3839 dixerit
2467 3770 2648 3841 Pau-

161 3866 273 3946 lus
306 3928 331 3965 ‚
378 3870 653 3964 extstimo
685 3877 889 3943 omnia
924 3868 1473 4003 detrimentumxcffc
1497 3912 1523 3953 ,
1576 3862 1719 3934 imo
1744 3865 1825 3939 δί
1856 3864 2126 3958 stercora
2147 3908 2172 3953 3
2211 3886 2464 3962 propter
2493 3876 2646 3936 emi·
2685 3876 2827 3937 Phil.
2852 3900 2872 3953 3
2901 3864 2986 3937 ιε’.

167 4002 175 4011 “
1390 3984 1545 4035 ece
1598 3985 1689 4033 ee
1726 4006 1741 4015 ·
2497 3990 2649 4039 nen·
