3552 4592
873 116 1036 220 624
1355 109 1942 203 Eius-rom
2007 128 2141 194 Ab
2194 106 2855 201 Aue-roxem

763 256 770 265 '
865 278 1188 331 temnere
1223 260 1298 334 δε
1331 249 1686 336 deridere:
1745 260 1943 360 quod
1977 283 2089 332 me
2120 256 2377 333 referre
2402 260 2694 334 minime
2714 260 2991 357 pudet,
3019 258 3363 359 liquidem

880 356 957 432 &
1001 358 1438 433 Veterum&
1473 358 1949 433 recentiorum
1984 352 2431 430 sanffiffimos
2469 378 2680 455 atque
2706 356 3176 448 όοᾶἱίΐιωος,
3224 379 3365 433 nec

793 482 802 489 ·
875 474 1026 525 non
1057 450 1468 529 diviniffima
1501 478 1857 553 quaeque„
1909 455 2038 526 hac
2068 453 2309 527 eadem
2334 454 2542 527 etiam
2579 453 2915 531 methodo
2954 476 3073 532 tua
3098 454 3373 528 deriso-

877 549 982 621 ria
1011 550 1337 646 excipere
1353 551 1520 625 soles
1547 573 1688 648 qua
1707 554 1785 625 δι’.
1803 574 1956 624 mea
1976 548 2269 647 tractasti
2288 598 2315 639 ‚
2364 574 2528 647 quae
2554 550 2839 649 quidem
2880 576 3043 629 cum
3064 553 3155 625 de
3172 553 3369 626 divi-

875 646 1078 719 niore
1105 649 1548 746 maximeque
1587 647 1754 721 seria
1786 647 2069 721 materia
2100 655 2387 747 agerent
2422 704 2447 738 ,
2512 646 2939 722 videbantur
2970 650 3051 723 in
3088 648 3367 723 leaore

869 764 1035 816 meo
1070 742 1348 843 exigere
1377 763 1688 818 mentem
1719 768 1867 817 non
1902 740 2187 841 prosena
2216 740 2569 833 iri-issone,
2619 742 2733 825 sed
2770 746 2923 821 Dei-
2940 746 3215 830 timore,
3250 770 3371 819 re-

716 839 732 889 ἵ
795 862 816 917 ,·
867 856 1167 948 rumque
1196 841 1588 915 divinarum
1625 842 2080 915 veneratione
2111 840 2413 912 omnino·
2435 840 2794 937 percitam.
2868 842 3003 915 Sed
3042 840 3131 916 de
3154 843 3259 917 his
3280 843 3371 927 ὃς

866 932 1205 1009 similibus
1240 938 1500 1033 postea.
1593 936 1885 1011 {nterim
1915 934 2265 1033 generalia
2318 940 2428 1027 (ut
2448 936 2533 1009 ab
2568 938 2673 1011 his
2708 937 3065 1026 exordiar)
3095 962 3255 1035 quae
3284 939 3367 1013 in

869 1030 1276 1107 Relationis
1312 1053 1456 1110 tuae
1493 1034 1634 1107 fide
1683 1032 1996 1107 defidero
2027 1091 2052 1125 ‚
2102 1034 2248 1106 duo
2282 1030 2463 1106 sunt.
2560 1034 2883 1108 Primum
2910 1084 2934 1124 ‚
2979 1035 3180 1132 quod
3226 1034 3363 1118 qtfi

870 1128 950 1201 in
988 1128 1392 1227 prefatione
1432 1128 1707 1228 speciali
1739 1135 2108 1202 oeconomia
2148 1136 2486 1201 creationis
2526 1136 2917 1205 monuerim
2942 1134 3025 1206 δε
3062 1154 3367 1229 rogave-

807 1272 814 1280 »
853 1225 1012 1297 ‘rim
1043 1224 1335 1302 leaores
1361 1286 1383 1320 ,
1425 1250 1514 1298 ne
1545 1226 1632 1301 de
1657 1250 1869 1322 opere
1906 1246 2062 1299 toto
2080 1222 2401 1323 judicent
2430 1250 2521 1299 ex
2550 1226 2739 1302 'libro
2776 1230 3015 1324 primo
3036 1286 3061 1319 ‚
3108 1228 3279 1324 quia
3298 1228 3361 1303 is

874 1324 954 1397 ὃ(
979 1321 1312 1397 abstracta
1333 1322 1666 1423 quaedam
1689 1323 2011 1397 continet
2026 1380 2051 1413 ‚
2098 1322 2173 1396 δε
2199 1321 2435 1396 omnia
2458 1321 2603 1396 fere
2621 1322 3073 1421 opinionibus
3104 1326 3365 1423 vulga·

869 1419 1067 1493 ribus
1096 1420 1213 1493 vel
1241 1422 1518 1495 adversa
1545 1474 1566 1506 ‚
1613 1420 1733 1493 vel
1761 1421 1969 1494 etiam
1996 1418 2350 1519 superiora
2386 1420 2461 1493 &
2503 1419 2942 1495 sublimiora:
2996 1442 3081 1495 tu
3122 1442 3363 1495 tamen

871 1520 1122 1590 ceteris
1151 1517 1462 1627 quinque
1499 1516 1694 1591 libris
1718 1514 1978 1591 omiffis
2006 1568 2028 1606 ,
2078 1518 2153 1589 δε
2186 1516 2400 1590 titulo
2433 1536 2631 1589 tenus
2668 1542 2817 1591 non
2853 1516 2992 1591 fine
3029 1518 3365 1591 ludifim-

867 1613 1066 1686 tione
1098 1612 1457 1704 indicatis,
1503 1612 1711 1711 primi
1745 1632 2023 1688 tantum
2061 1610 2220 1685 libri
2256 1630 2591 1687 contenta
2626 1613 3023 1701 recenseas3
3076 1612 3357 1687 rainerii

867 1709 946 1781 in
979 1706 1382 1810 praefatione
1411 1732 1819 1786 monueram
1840 1762 1867 1801 ‚
1914 1734 2033 1784 eos
2066 1708 2189 1807 qui
2227 1708 2725 1808 Metaphyfieis
2752 1734 2893 1782 non
2928 1709 3087 1783 sunt
3108 1710 3365 1783 affixeti

871 1808 1137 1904 (quales
1165 1809 1581 1907 plerumque
1617 1810 1662 1884 ii
1693 1807 1855 1883 sunt
1880 1805 2531 1906 quibusrelation'es
2576 1826 2726 1881 tuas
2762 1807 3083 1905 populari
3112 1805 3363 1883 scribis

869 1902 1231 1994 sermone)
1289 1906 1663 1982 lectionem
1696 1905 1883 1980 suam
1920 1903 2132 1997 ordiri
2164 1902 2417 1976 debere
2445 1928 2486 1975 a
2516 1901 2705 1979 libris
2726 1902 3201 2001 sequentibus»,
3224 1906 3361 2002 qui

863 2001 1133 2078 idcirco
1169 2004 1267 2078 eis
1300 2027 1340 2075 a
1371 2002 1634 2079 fincero
1672 2002 1967 2077 relatore
2003 1999 2237 2099 potius
2273 2001 2715 2096 proponendi
2740 2020 2964 2075 erant.
3060 2002 3157 2075 Et
3188 2001 3367 2075 libri

871 2095 1158 2195 quidem
1285 2100 1409 2173 imi
1440 2120 1772 2177 contenta
1824 2105 1853 2193 (
1908 2124 2019 2174 uae
2049 2120 2194 2172 non
2214 2094 2424 2171 semel
2448 2098 2620 2171 mihi
2648 2097 2926 2196 aliisque
2948 2094 3157 2172 faffus
3185 2116 3363 2174 ecte

871 2221 1021 2270 non
1057 2196 1162 2271 int
1230 2198 1482 2300 ligere)
1533 2196 1628 2274 fic
1647 2122 1953 2272 recenses
1976 2251 1999 2284 ,
2030 2214 2110 2267 ut
2146 2194 2257 2269 vel
2288 2216 2419 2268 nec
2446 2194 2739 2268 videaris
2759 2195 3113 2270 interdum
3134 2196 3360 2286 adea,

873 2292 1266 2371 nullatenus
1301 2321 1473 2370 vero
1500 2296 1584 2371 ad
1611 2298 2043 2395 sequentium
2085 2311 2417 2367 contenta
2447 2290 2854 2391 respexiss‘e:
2909 2288 3359 2367 censesenim

505 2420 582 2492 (a)
602 2416 825 2480 Bibtv.
870 2393 939 2464 in
971 2394 1202 2490 primo
1233 2392 1418 2469 libro
1453 2391 1814 2468 desiderari
1844 2395 1963 2480 (a)
1992 2388 2559 2463 conciliationem
2588 2390 3131 2486 praedistionum
3160 2389 3359 2463 diii-

479 2515 757 2578 pag,431.
849 2493 1108 2563 narum·
1144 2489 1233 2562 de
1271 2489 1847 2590 contingentibus
1886 2513 2049 2562 cum
2096 2485 2417 2560 libertate
2462 2487 2800 2570 humana:
2856 2511 3061 2586 quam
3108 2508 3351 2560 tamen
3477 2517 3485 2523 ·

862 2588 1424 2662 conciliationem
1461 2589 1537 2660 in
1569 2588 1820 2662 ultimo
1862 2585 2045 2659 libro
2080 2607 2229 2658 non
2270 2603 2535 2658 tantum
2571 2581 2858 2658 tractavi
2883 2641 2908 2675 ,
2958 2581 3072 2657 sed
3102 2584 3184 2656 δε
3218 2607 3359 2658 ex-

865 2683 1082 2780 preffe
1111 2684 1185 2758 in
1213 2675 1618 2778 praefatione
1648 2684 1808 2757 libri
1830 2681 2082 2778 primi,
2136 2682 2211 2754 δί
2240 2680 2313 2752 in
2333 2679 2635 2776 ejusdem
2670 2679 3040 2776 capitem..
3058 2703 3127 2775 p.
3150 2697 3341 2780 330.

865 2803 1317 2874 monueram,
1369 2781 1577 2879 ipsam
1605 2837 1628 2873 ,
1677 2779 1987 2879 etfieJus
2072 2775 2360 2873 rincipia
2388 2773 2863 2874 infigniora&
2890 2775 3351 2874 praecipuain
3448 2857 3454 2863 ¹

861 2876 1044 2952 libro
1069 2878 1310 2980 primo
1337 2876 1684 2955 exstarent
1722 2934 1744 2969 ,
1810 2900 1957 2950 non
1997 2875 2019 2944 i
2074 2875 2094 2944 i
2140 2894 2367 2947 tamen
2403 2868 2543 2947 esse
2574 2871 2995 2948 traQandam
3026 2899 3051 2961 3
3104 2871 3219 2944 sed
3266 2873 3349 2947 in

858 2975 1110 3048 ultimo
1145 2973 1372 3072 libro,
1423 2999 1569 3074 quo
1597 2975 1988 3074 pertineat,
2038 2970 2176 3044 effe
2220 2969 2691 3067 quaerendam.
2781 2971 2989 3044 Adeo
3018 3027 3045 3060 ‚
3093 2968 3349 3044 secun-

861 3069 1031 3144 dum
1054 3071 1352 3150 Critices
1379 3092 1522 3147 tuae
1542 3071 1811 3176 regulas
1831 3129 1853 3163 ‚
1888 3094 1969 3142 ea
1990 3069 2161 3168 legis
2195 3069 2267 3141 in
2291 3067 2545 3165 quibus
2570 3063 2773 3140 crifin
2794 3087 2990 3140 tuam
3010 3067 3121 3140 vis
3140 3091 3351 3142 exer·
3446 3081 3456 3090 '

858 3191 1020 3240 cere
1048 3169 1064 3241 !
1108 3169 1402 3244 Sciiicet
1429 3169 1668 3281 magni
1693 3167 1949 3242 Critici
1979 3166 2388 3262 neutiquam
2406 3187 2585 3262 opus
2606 3163 2868 3238 habent
2886 3187 2965 3236 ea
2990 3185 3075 3238 ut
3102 3164 3353 3264 legant

858 3263 936 3338 ec
967 3264 1331 3362 inspiciant
1351 3265 1438 3340 de
1459 3266 1712 3363 quibus
1737 3263 1991 3361 referre
2021 3263 2105 3336 δε
2122 3262 2437 3360 judicare
2472 3259 2601 3334 fibi
2626 3259 2949 3335 sumunt!
3324 3331 3329 3336 .

950 3361 1273 3436 Alterum
1300 3420 1325 3455 ,
1372 3362 1494 3452 ubi
1521 3364 1595 3436 in
1627 3383 1889 3474 genere
1920 3359 2323 3457 aequitatem
2361 3378 2556 3430 tuam
2588 3355 2937 3448 defflere,
2990 3356 3177 3432 illud
3202 3356 3341 3432 est:

839 3458 1052 3552 ‚quod
1073 3459 1384 3533 inculces
1411 3479 1766 3534 materiam
1798 3459 1999 3530 aliam
2027 3457 2310 3530 inlibris
2337 3454 2507 3532 meis
2541 3455 2923 3557 contineri,
2952 3453 3349 3556 quamillic

747 3642 753 3644 ,
847 3575 1096 3630 :revera
1127 3555 1614 3630 contineatur:
1669 3555 1744 3628 id
1780 3556 1971 3652 quod
2008 3552 2176 3627 facis
2210 3551 2660 3627 affiverando
2692 3549 3349 3626 multis-modisme

747 3691 756 3698 -
851 3651 1228 3749 mysticum
1249 3651 1556 3754 mystica
1587 3651 1885 3750 mystice
1908 3647 2144 3750 paffim
2180 3649 2494 3726 manre.
2586 3650 2759 3722 Hoc
2790 3647 2907 3720 vel
2950 3645 3217 3746 inipso
3238 3649 3353 3722 in-

845 3745 1004 3822 dice
1027 3747 1362 3838 ·omnibus
1387 3751 1556 3824 meis
1585 3750 1909 3847 cogitatis
1954 3747 2305 3844 applicas:
2360 3744 2537 3855 quin
2584 3771 2670 3821 eo
2710 3739 2935 3844 usque
2980 3745 3123 3819 hac
3158 3745 3235 3818 in
3270 3769 3351 3820 re

845 3845 1198 3940 ridiculus
1221 3873 1350 3942 es,
1398 3865 1482 3924 ut
1509 3871 1659 3924 non
1695 3846 1913 3926 moelo
1938 3845 2203 3929 librum
2230 3844 2589 3922 nmmum
2610 3864 2885 3953 meum,
2936 3839 3029 3914 de
3048 3863 3355 3918 contro-

3182 3957 3349 4011 VCK'·
3456 4006 3461 4015 .
