3552 4592
856 159 907 243 7
925 162 1018 227 12
1615 128 1710 219 ln
1741 85 2157 255 Cmficram
2195 121 2587 237 Parrhasii

853 273 950 345 ob
987 269 1170 345 edita
1207 270 1460 375 gratias
1495 270 1831 349 officiosas
1856 273 1972 371 agi
2008 272 2405 348 curaverint
2432 270 2597 345 licet
2622 296 2661 345 a
2685 292 2797 345 me
2826 267 3093 367 alioqui
3118 293 3367 345 remo-

847 370 1551 463 ,ti,necm1hiprius,
1591 368 1714 441 nifi
1749 368 1935 443 forte
1964 368 2411 458 fama,etiam
2428 369 2737 467 cogniti.
2791 369 2904 443 Ac
2938 393 3025 440 ne
3064 369 3369 442 Parrha·-

853 466 991 539 -fius
1027 490 1145 539 eos
1181 492 1466 564 quoque
1501 466 1719 539 veluti
1738 470 2135 565 fimpliciores
2166 466 2738 555 fortederideat,
2790 466 2997 539 liceat
3022 466 3205 539 mihi
3245 466 3369 539 vel

761 581 766 585 ’
849 587 1084 637 unum
1118 564 1363 637 exiliis
1388 621 1411 653 ,
1463 566 1645 637 inter
1669 566 1911 661 ,plures
1936 622 1961 657 ,
2011 565 2364 639 nominare
2390 620 2416 656 ‚,
2460 562 2592 662 ipfi
2612 564 2713 639 D..
2740 562 3029 639 Cletico
3053 567 3359 660 prosim-

849 666 1103 759 pliciore
1129 662 1423 739 ,minime
1447 660 1843 737 habendum
1873 687 1895 749 3
1948 684 2177 757 neque
2205 663 2267 739 ei
2296 662 2883 737 contemnendum
2920 710 2949 748 ,
2998 659 3359 736 illustrem

861 759 934 830 &
957 755 1312 831 eruditum
1337 756 1444 831 R.
1471 760 1592 833 Bo
1613 784 1637 831 1
1657 783 1839 833 nnn
1856 784 1935 833 Μ.
2028 759 2095 836 ls
2124 757 2311 833 lecito
2337 756 2573 833 libello
2594 782 2633 833 a
2654 783 2768 833 me
2780 755 3052 831 Gallice
3070 758 3359 849 emisso,

863 858 1192 953 Theologiae
1227 858 1426 927 cordis
1461 857 1672 929 titulo
1698 913 1724 948 ‚
1773 856 1913 931 hoc
1946 854 2120 931 adeo
2164 854 2597 929 afficiebatur
2628 914 2650 945 ,
2702 876 3007 951 eumque
3044 857 3221 929 tanti
3256 855 3367 927 fa·

814 1031 816 1034 ,
859 950 1094 1027 ciebat
1123 1008 1147 1043 ,
1171 972 1255 1025 ut
1287 951 1460 1025 mihi
1485 974 1652 1027 cum
1677 950 1907 1028 salutis
1932 972 2104 1029 voto
2130 974 2395 1050 gratam
2426 971 2737 1026 mentem
2760 951 2859 1025 ob
2885 952 3078 1025 illius
3104 952 3371 1026 editio·

869 1072 1031 1125 nem
1061 1072 1204 1119 non
1237 1050 1466 1125 multo
1479 1070 1649 1123 ‚aute
1672 1072 1973 1125 mortem
2000 1070 2316 1147 tempore
2346 1070 2621 1128 curaret
2657 1048 2921 1125 testari.
2970 1050 3373 1125 ,Fecerunt

861 1146 942 1215 id
976 1148 1050 1220 &
1084 1145 1204 1218 alii
1237 1146 1634 1243 com-plures
1677 1172 1822 1225 non
1868 1148 2101 1225 miuus
2133 1169 2440 1243 genere„
2490 1145 2767 1223 scientia
2805 1203 2828 1239 ,
2880 1146 3147 1221 virtute
3195 1148 3367 1221 iuu-

869 1242 1038 1315 stres
1074 1298 1097 1332 ,
1149 1244 1474 1315 tacendos
1501 1244 1662 1319 licet
1689 1299 1712 1333 ,
1761 1242 1954 1341 quod
1978 1243 2055 1316 in
2076 1243 2259 1317 vivis
2288 1242 2447 1319 [ωε.
2542 1239 2843 1319 Librum
2878 1245 3367 1341 cundem,-qui

864 1339 1312 1437 Theologiae'
1327 1341 1680 1436 Mysticae‚
1719 1343 1797 1416 &
1820 1341 2136 1415 omnium
2165 1362 2323 1438 qua:
2346 1340 2608 1437 scriptis
2624 1341 3125 1416 ,commendavi
3144 1340 3375 1415 effen-

869 1433 1207 1519 tialiffima
1243 1436 1547 1513 breviter
1579 1440 1897 1516 continet
1928 1496 1947 1528 ‚
2002 1458 2143 1511 tam
2174 1462 2418 1535 parum
2450 1460 2579 1533 pto
2604 1440 2879 1509 ridendis
2886 1440 2949 1531 s
2966 1443 3377 1513 iritualieari·

867 1533 977 1607 bus
1007 1531 1314 1612 ‚habuere
1358 1535 1720 1631 Theologi
1755 1532 2120 1631 graviflimi
2148 1592 2170 1626 ,
2222 1536 2369 1611 imo
2400 1533 2841 1633 ‘Theologiae
2888 1464 3371 1623 lerofess'ores,

859 1628 1259 1707 eruditione
1291 1640 1372 1705 a'c
1453 1632 1664 1705 ietate
1696 1632 1999 1711 celebres
2024 1688 2047 1723 ,
2094 1650 2180 1708 ut
2208 1631 2432 1727 ipsum
2466 1631 2543 1705 in
2574 1630 3079 1707 Germanicum
3103 1632 3377 1707 idioma
3420 1654 3443 1681 ³

859 1728 1187 1803 converti
1231 1724 1404 1803 simu
1435 1752 1573 1825 que
1611 1729 1925 1825 imprimi
1955 1730 2359 1811 ,curaverint
2378 1785 2406 1820 ‚
2460 1728 2743 1825 quando
2764 1730 2915 1825 jam
2940 1728 3221 1803 Gallice
3248 1728 3371 1805 bis

863 1824 1162 1923 praelum
1187 1827 1344 1899 mest
1357 1828 1525 1901 cura
1545 1825 2032 1923 subierat.quae
2052 1823 2337 1922 quidem
2358 1824 2701 1899 adducere
2724 1844 3059 1924 cogor‚ut
3082 1825 3375 1901 videant

871 1920 1114 2019 cuncti
1137 1978 1162 2012 ‚
1216 1922 1450 1997 videat
1480 1948 1627 1997 non
1655 1921 1795 1999 fine
1834 1922 2101 2019 pudore
2130 1919 2515 1995 Parrhasius
2543 1921 2654 1997 vel
2676 1921 2953 2019 aliquot
2970 1924 3319 2019 exemplis
3344 1981 3373 2015 ,

866 2041 1216 2117 quantum
1266 2019 1409 2118 ipse
1439 2018 1715 2093 fallatur
1761 2019 1837 2093 ὅτ.
1862 2018 2051 2093 fallat
2077 2018 2201 2091 ubi
2229 2015 2645 2113 derisorium
2697 2019 2772 2092 in
2812 2022 3114 2097 modum
3150 2020 3379 2111 dicit,

850 2118 1075 2210 fiduci
1106 2143 1149 2186 a
1175 2146 1270 2189 me
1278 2121 1674 2215 simpliciores
1691 2142 1807 2219 per
1834 2118 2126 2198 ridendas
2160 2144 2310 2222 quas
2338 2123 2545 2191 emitto
2564 2118 3083 2217 spiritualitates.,
3114 2139 3381 2217 meque

863 2208 1127 2289 debete
1155 2233 1524 2312 propterea
1545 2216 1780 2314 pudore
1795 2214 2074 2314 suffundi»
2589 2218 2595 2226 ’
2706 2213 2722 2231 ‘

403 2347 410 2353 ·
449 2327 454 2331 ’
523 2315 846 2395 ‹Accusatio-
965 2309 1182 2384 Dicet
1223 2312 1412 2388 forte
1461 2311 1860 2391 Parrhafius
1884 2370 1907 2404 ,
1959 2311 2068 2389 vel
2102 2313 2279 2388 alius
2318 2311 2570 2410 aliquis
2612 2337 2743 2412 pro
2772 2337 2859 2388 eo
2890 2363 2917 2402 ,
2982 2312 3055 2388 se
3078 2338 3235 2390 non
3272 2313 3363 2388 de

735 2431 760 2441 ·
869 2429 1070 2484 certo
1089 2410 1387 2505 quodam
1419 2435 1500 2485 ac
1521 2437 1666 2487 uno
1695 2435 1939 2486 eorum
1966 2434 2143 2509 quos
2164 2408 2355 2484 emisi
2378 2409 2558 2484 libro
2580 2468 2604 2501 ‚
2632 2411 2786 2484 haec
2804 2411 3171 2486 elocutum
3194 2411 3366 2498 effe;

491 2547 811 2609 seductione
872 2504 986 2581 sed
1009 2507 1423 2605 generaliori
1457 2512 1531 2585 &
1551 2507 1962 2587 indistincto
1990 2507 2204 2588 modo
2226 2505 2311 2588 dc
2332 2508 2667 2586 omnibus
2690 2566 2712 2599 ,
2768 2511 2949 2582 inter
2969 2533 3155 2606 quos
3189 2509 3359 2582 licet

493 2628 710 2684 aliorum
745 2645 839 2706 per
870 2625 1052 2678 unus
1097 2626 1219 2679 aut
1259 2605 1556 2684 alterab
1593 2607 1734 2683 hoc
1763 2603 1891 2685 suo
1935 2603 2127 2684 dieto
2172 2605 2599 2702 excipiatur,
2650 2605 2736 2681 de
2754 2603 3101 2704 plerisque
3134 2627 3365 2680 tamen

493 2701 766 2792 ridendas,
871 2701 1020 2775 aliis
1050 2701 1122 2774 id
1157 2701 1369 2776 fuerit
1393 2727 1638 2778 verum
1669 2759 1698 2796 ,
1747 2702 1889 2777 illis
1906 2703 2122 2798 seduci
2136 2706 2534 2814 fimpliciores
2544 2727 2665 2802 per
2696 2707 3024 2792 ridendas,
3078 2725 3241 2800 quas
3268 2701 3371 2776 ii.-

495 2800 634 2916 Ηυξ
656 2796 842 2900 ‚eruit-⁴
871 2795 1032 2870 dem
1071 2801 1438 2875 continent
1461 2857 1485 2894 ‚
1521 2803 2030 2902 spiritualitatem
2124 2800 2269 2874 Cui
2308 2795 2479 2875 verb
2504 2799 2919 2876 accusationi
2952 2801 3149 2876 aliter
3166 2797 3369 2874 satis.

492 2873 841 3000 ffmtgssrfffi,
872 2892 1022 2974 fieri
1053 2921 1089 2968 a
1121 2920 1233 2970 me
1269 2922 1414 2972 non
1441 2898 1671 3009 potest
1704 2954 1728 2989 ,
1778 2921 1989 2995 quam
2027 2893 2077 2968 fi
2115 2897 2231 2972 hic
2264 2895 2673 2976 recensuero
2692 2921 2943 2992 eorum
2964 2921 3139 2995 quos
3160 2893 3369 2970 emisi
3452 2901 3461 2906 ’

425 3087 428 3090 .
486 3011 694 3087 gez-eim·
719 3031 786 3071 ne
867 2991 1222 3070 librorum
1263 3019 1577 3070 omnium
1619 2995 1692 3072 δί
1723 2993 1969 3070 titulos
1992 2995 2067 3068 δι’
2092 3013 2423 3069 contenta
2456 2993 2841 3072 summatim
2876 3051 2899 3086 ‚
2952 3015 3032 3068 ut
3062 2993 3377 3092 quicun-

491 3088 732 3146 ⁷““⁶“¹¹⁸⁹
927 3115 1016 3167 ue
1055 3092 1232 3166 eain
1263 3115 1340 3166 re
1369 3093 1730 3168 voluerint
1761 3092 1897 3171 ess‘e
1924 3090 2193 3191 judices
2222 3141 2247 3180 ‚
2296 3116 2336 3167 e
2363 3092 2803 3172 documentis
2844 3088 3375 3190 perspeffldsju-

489 3165 836 3298 ἓξῖωιοῗω
870 3115 1136 3264 fficium
1165 3187 1346 3262 fer-re
1376 3189 1640 3267 rectum
1689 3192 1987 3266 valeant.
2087 3187 2240 3264 Etfi
2290 3208 2526 3266 autem
2564 3189 2705 3262 huc
2741 3212 2857 3262 me
2894 3187 3259 3287 compellit
3286 3190 3371 3270 δί

491 3261 788 3396 ltac'asqque‘
869 3287 1066 3386 cogit
1104 3286 1570 3364 Parrhafianae
1597 3286 1935 3366 Censurae
1972 3286 2351 3386 iniquitas;
2404 3289 2543 3360 hoc
2580 3286 2727 3382 ipso
2747 3305 2985 3360 tamen
3012 3311 3165 3360 non
3242 3309 3371 3358 au-

489 3392 636 3482 cmistj
871 3384 969 3458 cis
1004 3381 1398 3462 satisfaciam
1425 3444 1450 3479 ‚
1502 3409 1579 3458 ea
1618 3409 1775 3482 quae
1817 3382 2159 3462 emiserim
2200 3383 2397 3481 noss'e
2446 3381 2945 3478 cupientibus:
3014 3381 3195 3456 fimu
3273 3405 3371 3454 ue

480 3486 734 3575 fmnmn.
871 3480 1128 3554 cass'um
1157 3483 1526 3556 reddemus
1569 3479 1895 3556 Parrhafii
1937 3478 2279 3578 scopum,
2328 3479 2449 3578 qui
2488 3479 2631 3566 est,
2680 3477 2844 3554 libri
2882 3479 2948 3553 ei
2988 3477 3201 3554 invisi
3262 3481 3379 3558 uis

867 3571 1479 3654 efficere'confufis
1509 3577 1874 3654 calumniis
1910 3634 1935 3668 ,
1983 3574 2037 3652 fi
2079 3577 2303 3674 poss'ct
2331 3633 2356 3668 ‚
2404 3577 2567 3668 uti,
2618 3600 2706 3652 ne
2736 3580 3035 3676 cognito
3073 3575 3375 3674 quidem

865 3699 1112 3750 eorum
1142 3693 1560 3774 argumento
1585 3730 1606 3763 ‚
1651 3695 2158 3772 praetereantur
2180 3731 2204 3766 ,
2258 3675 2455 3771 quod
2500 3674 2605 3746 illi
2654 3673 3009 3749 erroribus
3050 3677 3201 3772 ejtis
3246 3671 3377 3748 ad·

864 3772 1221 3847 versentur
1243 3822 1270 3865 ‚
1318 3770 1575 3871 eosque
1621 3793 1950 3852 evertant
1991 3769 2308 3854 funditus
2340 3827 2365 3870 ‚
2418 3771 2539 3850 vel
2576 3791 2819 3854 contra
2871 3772 3157 3852 eosdem
3206 3788 3387 3852 tum-

859 3870 1332 3970 praemuniant
1363 3868 1734 3952 Leetores.
2262 3877 2265 3882 ’

3036 3965 3370 4044 Primum
