3552 4592
768 139 1382 254 Confiderationes
1395 138 1873 258 specialiores.
1949 166 2065 250 13.
2091 147 2108 153 ’
2514 169 2670 258 717
2725 121 2773 179 “

168 287 462 382 Kempisii
494 295 833 358 Communis
870 288 1149 361 Gallice
1202 313 1241 358 a
1294 314 1405 360 me
1452 285 1671 373 verli,
1720 286 2038 360 secundis
2083 284 2263 358 curis
2299 285 2464 358 editi
2511 289 2670 362 sunt
2739 298 3055 387 Kempisrus

161 409 351 456 anno
400 408 425 454 1
446 406 583 481 701
632 385 1086 458 correbtiores
1108 436 1133 480 2
1181 410 1261 457 ac
1300 385 1507 458 nullis
1540 409 1688 457 non
1715 381 2266 456 Protestantibus
2285 385 2668 488 gratiffimi,
2705 396 3051 436 communis.

69 546 82 558 .
164 483 345 578 qui,
398 503 484 556 ut
522 481 731 554 audio
764 532 790 572 ‚
841 483 1222 557 editionem
1275 506 1501 556 meam
1553 483 1980 556 Germanico
2032 483 2364 556 idiomate
2406 484 2666 558 imitati
2965 551 2974 566 ,
3033 489 3071 526 ‘'

156 581 347 654 sunt.
2377 605 2379 609 ’

260 676 367 768 (a)
426 677 494 746 T
485 677 756 776 heologiae
794 679 986 748 cordis
1043 676 1159 770 (de
1184 703 1323 776 qua
1350 675 1583 775 supra)
1640 680 1820 770 tpmi
1857 675 2002 754 duo
2029 728 2053 768 ,
2103 676 2272 752 duas
2305 677 2470 776 paffi
2510 678 2666 754 sunt
2735 700 3060 784 Theologia

158 772 508 847 editiones
537 830 559 864 ,
614 781 910 872 quarum
938 774 1221 864 ultima,
1274 777 1435 848 anni
1478 777 1672 874 1697
1697 833 1721 868 ,
1779 775 2051 849 andtior
2098 776 2200 848 est
2231 777 2305 850 &
2341 779 2666 852 emenda·
2707 777 2939 838 cordis.

157 873 331 946 tior.
431 871 795 945 Collestio
845 872 948 944 est
998 896 1367 968 parvorum
1407 872 1874 968 quorumdam
1919 872 2342 947 tractatuum
2376 925 2401 966 ,
2467 878 2542 951 &
2592 877 2670 950 in

155 970 397 1068 primo
431 969 717 1065 quidem
756 969 1003 1043 Tomo
1034 969 1234 1059 sunt,
1302 994 1361 1042 1.
1384 967 1831 1044 T'm&atulus
1861 969 2090 1060 dietus
2116 1028 2138 1062 ,
2189 969 2412 1062 Pastor
2437 979 2668 1046 illumi-

154 1093 343 1142 natus
384 1123 403 1158 ‚
457 1067 543 1139 de
568 1064 1095 1139 adolescentulo
1120 1070 1359 1140 ovium
1390 1067 1661 1165 pastore
1691 1121 1715 1153 ,
1761 1089 1886 1165 per
1915 1069 2146 1144 cordis
2171 1069 2550 1166 puritatem
2588 1097 2670 1146 ac

156 1163 675 1262 simplicitatem
706 1163 791 1236 ad
817 1167 1075 1238 mirum
1098 1165 1239 1238 Dei
1261 1174 1568 1265 amorem
1592 1219 1615 1250 ,
1644 1166 2030 1264 mii-amque
2053 1165 2349 1262 ipfius&
2373 1193 2669 1266 operum

156 1262 447 1336 suorum
472 1260 963 1360 ‘cognitionem
1000 1261 1334 1336 deduEtO.
1390 1287 1460 1340 2.
1487 1263 1598 1334 De
1621 1261 2048 1358 perfestione
2073 1263 2458 1352 Christiana
2477 1325 2501 1359 ‚
2531 1267 2668 1339 foe-

156 1361 377 1433 minae
430 1359 941 1432 Mediolanensi
976 1355 1359 1456 adscriptus
1386 1416 1407 1452 ,
1436 1359 1586 1434 'ubi
1626 1359 1741 1434 via
1772 1359 1855 1433 ad
1900 1360 2154 1435 statum
2203 1363 2276 1434 in
2319 1385 2466 1458 quo
2509 1363 2665 1460 quis

156 1453 511 1556 puriffime
550 1453 1001 1555 perfeciteque
1050 1483 1091 1530 a
1143 1459 1307 1532 Deo
1346 1477 1631 1556 regatur
1666 1506 1691 1547 ,
1724 1483 1871 1556 -per
1904 1459 2224 1532 omnium
2263 1483 2423 1556 quae
2463 1461 2666 1536 Deus

159 1578 309 1627 non
348 1553 509 1628 sunt
543 1553 1075 1652 abnegationem
1120 1552 1534 1650 mirabiliter
1562 1555 1912 1652 panditur.
1971 1575 2036 1655 3.
2079 1555 2410 1650 Ejusdem
2435 1558 2521 1631 de
2543 1558 2665 1632 de·
2707 1637 2713 1646 ,

159 1649 544 1725 ίὶτυᾶἰοηε
568 1653 847 1724 Amoris
876 1650 1143 1749 proprii
1179 1704 1200 1740 ,
1252 1655 1449 1743 cu'us
1478 1651 1755 1724 infinita
1787 1653 2070 1728 latibula
2105 1657 2564 1752 deteguntur,
2583 1675 2666 1728 ut

151 1774 244 1822 eo
287 1749 443 1822 inde
468 1747 761 1846 expulso
797 1806 821 1840 ‚
878 1749 1119 1822 locum
1144 1748 1219 1820 in
1252 1774 1343 1820 no
1403 1748 1455 1824 is
1489 1747 1800 1822 inveniat
1830 1749 2104 1824 tandem
2150 1752 2385 1826 divina
2420 1777 2665 1850 opera-

152 1849 262 1920 tio
292 1865 497 1944 atque
537 1845 897 1942 praesentia
926 1843 1367 1944 Divinusque
1393 1849 1639 1920 Amor.
1694 1847 1782 1919 In
1802 1847 2024 1920 altero
2049 1847 2340 1920 Tomo:
2397 1871 2474 1947 4.
2498 1847 2664 1924 Vir·-

149 1943 347 2044 ginis
400 1944 667 2042 ignotae
699 1941 1027 2017 tra&atus
1068 1943 1155 2016 de
1185 1941 1627 2018 distinffione
1656 1967 1817 2042 quae
1850 1944 1951 2018 est
2003 1945 2186 2031 inter
2229 1945 2368 2019 Dei
2407 1947 2664 2044 gratias

150 2040 773 2140 five-operationes
818 2041 1115 2114 internas
1173 2037 1523 2114 sensibiles
1559 2099 1583 2133 ‚
1650 2043 1972 2139 interque
2013 2065 2198 2114 mere
2233 2040 2662 2139 spirituales3

150 2137 245 2212 de
272 2135 630 2236 speciebus
665 2139 831 2210 item
857 2137 1221 2213 Orationis
1246 2135 1437 2212 οᾶο.
1493 2158 1561 2235 5.
1589 2135 1960 2215 Traetatus
1989 2137 2344 2237 Religiofi
2376 2165 2415 2212 a
2443 2167 2666 2240 puero

147 2237 393 2329 coeci‚
443 2235 825 2330 F.Joannis
876 2262 917 2310 a
968 2238 1045 2313 S.
1079 2234 1440 2327 Simsone,
1490 2233 1579 2312 de
1608 2237 1872 2311 Amore
1899 2238 2039 2312 Dei
2073 2263 2197 2336 per
2227 2237 2668 2334 aspirationes

146 2335 241 2418 ad
266 2333 561 2435 gradum
598 2333 983 2407 maximum
1007 2334 1404 2408 evehendo.
1462 2335 1539 2409 6.
1570 2334 1744 2503 P.fiJ.
1768 2336 2160 2434 Rigoleuci
2182 2334 2446 2408 summa
2469 2330 2667 2434 qute-

150 2433 319 2506 dam
355 2431 431 2506 T
436 2430 785 2530 heologiae
824 2430 1155 2528 Mysticae
1181 2488 1203 2523 ,
1255 2451 1339 2505 ut
1364 2432 1525 2528 quis
1556 2457 1648 2527 po
1698 2430 1755 2503 it
1789 2458 1910 2527 per
1927 2432 2342 2507 Orationem
2367 2435 2442 2507 &
2464 2458 2666 2509 men-

150 2531 246 2604 tis
280 2528 653 2626 puritatem
679 2527 1029 2603 adhaerere
1060 2529 1246 2602 Deo.
1307 2551 1371 2622 7.
1406 2527 1778 2603 TraEtatus
1809 2526 1904 2602 est
1940 2528 2027 2604 de
2070 2529 2503 2605 Educatione
2531 2528 2666 2605 Li.-

150 2626 525 2703 berorum.
710 2638 713 2641 ’
1793 2696 1800 2700 .
1971 2660 2004 2683 »

252 2724 453 2801 Editi
489 2720 662 2799 sunsst.
695 2723 931 2824 postea
961 2783 984 2817 ‚
1038 2722 1313 2799 Gallice
1362 2750 1647 2824 quoque
1683 2774 1709 2814 ‚
1762 2749 1946 2800 anno
1994 2728 2214 2825 1691.
2271 2725 2396 2800 sub
2448 2727 2676 2809 titulo

148 2820 243 2913 (b)
271 2826 342 2893 T
331 2824 599 2919 heologiae
622 2829 881 2893 Amoris
909 2880 932 2914 ‚
956 2823 1357 2898 Catharinae
1379 2822 2057 2900 Adornae‘Fiescanae
2073 2880 2092 2909 ‚
2114 2824 2336 2925 vulgo
2361 2829 2497 2903 Stae.
2519 2826 2664 2903 Ca»
2731 2830 3050 2921 Theo-logia

150 2920 453 2995 tharinae
492 2916 881 2993 Genuenfis
916 2978 941 3011 ,
994 2926 1253 3019 Dialogi
1286 2946 1459 3011 tres,
1516 2922 1801 2994 Divinae
1847 2923 2218 3019 Sapientiae
2261 2920 2676 3016 Method0,
2702 2913 2952 2969 Amoris.

146 3018 407 3091 ordine
433 3040 513 3090 ac
541 3016 956 3091 dexteritate
978 3038 1267 3090 omnem
1290 3016 1663 3091 dodim-um
1692 3020 2064 3091 humanam
2087 3040 2302 3093 artem
2335 3019 2666 3117 superan-

86 3166 105 3188 .
148 3134 263 3191 tes
300 3173 324 3207 ,
378 3112 725 3210 fimulque
774 3112 1319 3201 ardentiffimum
1362 3132 1573 3211 atque
1608 3112 2048 3212 puriffimum
2083 3141 2166 3190 ac
2200 3117 2498 3193 omnino
2551 3120 2664 3193 in-

132 3210 701 3311 comparabilem
756 3212 924 3287 Det.
950 3230 1255 3288 amorem
1312 3209 1639 3307 spirantes
1675 3263 1698 3302 ‚
1751 3236 1912 3285 eum
1959 3220 2104 3285 vita
2143 3214 2442 3311 ejusdem
2482 3266 2508 3308 ,
2575 3212 2693 3291 cles

146 3305 415 3409 quibus
442 3308 747 3383 arbitror
776 3308 891 3381 vel
926 3308 1136 3407 ipsam
1175 3309 1613 3383 Daemonum
1655 3310 2177 3409 impudentiam
2237 3310 2470 3384 dicere
2520 3338 2670 3389 non
2749 3400 2752 3403 ‚

144 3408 355 3575 gesse
381 3406 509 3481 ista
538 3404 665 3481 effe
697 3405 1049 3490 irridenda
1077 3455 1103 3497 ,
1156 3410 1235 3479 ae
1263 3430 1384 3504 per
1418 3407 1661 3482 eadem
1694 3404 2212 3503 .fimpliciorum
2265 3410 2534 3487 animos
2560 3413 2672 3485 se-

206 3530 353 3580 ucr.
384 3542 397 3567 ι

1310 3624 1564 3680 xxx-x
1618 3620 1662 3701 3
2336 3606 2436 3699 (a)
2456 3605 2660 3681 Theo·

182 3768 189 3775 ’
250 3774 335 3851 (a)
370 3780 449 3833 La
474 3774 743 3854 Theologie
763 3772 831 3831 du
850 3778 1004 3832 ραι-ιιι·
1017 3816 1036 3840 ,
1072 3756 1137 3833 im
1158 3773 1361 3834 necuit
1386 3772 1449 3836 de
1469 3772 1701 3851 quelques
1716 3775 1918 3835 Traitfs
1945 3777 2034 3855 qus·
2063 3776 2380 3838 contiennene
2393 3772 2464 3833 les
2477 3774 2653 3832 lumib-

86 3923 103 3931 ·
160 3870 243 3929 m
266 3852 339 3910 les
361 3852 483 3938 phu·
510 3852 709 3910 divim
743 3849 830 3908 des
857 3845 1212 3927 amesfsimpkes
1241 3849 1515 3926 afflaren-
1628 3927 1634 3936 ἢ

159 3920 357 4068 &2553
388 3931 467 3989 La
502 3928 783 4062 Thiologie'
803 3926 866 3990 de
906 3928 1169 4066 tlt-Amom-
1200 3966 1223 4001 ,
1291 3945 1356 3991 ou
1391 3926 1463 4045 les
1493 3930 1733 4011 Qeuvres‘
1774 3948 1847 3997 o·
1881 3928 1934 3991 la
1971 3932 2068 4013 Vk
2100 3928 2166 3991 de
2202 3934 2254 3990 S.
2304 3925 2574 3992 catherine
2600 3924 2676 3991 de
