3552 4592
886 141 1045 254 466
1471 109 2826 224 Ριὶεεᾼτιο·

894 281 1625 400 congruentissimas
1647 340 1675 382 ‚
1728 310 1926 397 quas
1965 283 2262 369 deinde
2283 286 2571 396 jungat
2591 339 2618 383 ,
2671 281 3127 398 disjungat,
3161 305 3360 368 com·

897 422 1125 511 paret
1148 457 1174 497 ,
1227 397 1826 509 consequentias
1865 399 2052 482 inde
2087 399 2556 482 commodas
2579 454 2613 496 5
2660 397 3213 482 incommodas
3245 397 3365 480 eli-

903 516 1060 596 ciat
1079 572 1107 611 ,
1142 511 1846 623 amplificetque&
1867 514 2383 598 ratiocinetur
2417 512 2524 594 de
2559 511 2678 596 his
2722 513 2976 624 magis
2996 514 3367 626 aemagb,

899 655 1161 738 neque
1196 627 1416 711 aliud
1470 629 1909 736 quicquam
1961 626 2334 710 adhibeat
2430 653 2630 726 uam·
2665 623 2882 710 suam
2937 621 3094 706 isto
3145 625 3368 710 modo

899 761 1275 852 agentem
1318 739 1745 822 humanam
1787 741 2237 824 Rationem
2276 783 2303 838 ·,
2369 651 2658 822 {nistra
2687 736 2802 821 est
2839 739 3178 821 omnino
3210 737 3366 836 ille,

898 849 1635 964 &yma-figmenta,
1664 853 2072 936 chimaeras
2109 851 2476 936 absurdas
2498 851 2638 934 fibi
2657 849 3146 934 tantumisto
3161 851 3374 961 pacto

894 962 1410 1048 fabricabitur
1445 965 1577 1048 vel
1615 995 1661 1048 e
1698 965 2366 1050 Sanffiffimorum
2404 966 2880 1076 scriptorum
2919 964 3378 1048 leffionedi-

896 1077 1405 1191 ligentiffima
1426 1136 1452 1177 ‚
1490 1078 1599 1162 ob
1618 1080 2030 1194 ingentem
2067 1079 2369 1163 scilicet
2407 1082 2778 1164 Rationis
2817 1077 3098 1161 nostra:
3121 1077 3372 1190 depra-

902 1196 1313 1276 vationem
1332 1213 1579 1302 atque
1613 1196 2253 1304 corruptionem:
2317 1194 2570 1276 Unde
2589 1201 2668 1275 ὃς
2691 1219 2852 1274 non
2873 1193 3181 1304 poterit
3195 1193 3370 1304 quin

900 1333 1022 1388 res
1064 1303 1267 1416 ipsas
1310 1305 1445 1388 vel
1480 1306 1916 1390 diviniores
1955 1308 2272 1418 ignoret
2313 1335 2474 1389 non
2509 1327 2824 1388 tantum
2844 1365 2872 1404 ,
2933 1304 3070 1388 sed
3105 1311 3186 1390 &
3221 1305 3378 1414 reji-

903 1422 1063 1502 ciat
1094 1477 1123 1516 ,
1177 1425 1259 1500 Sc
1296 1445 1565 1500 earum
1585 1475 1613 1514 ,
1668 1419 2296 1530 divinorumque
2334 1421 2776 1504 Aufilenum
2817 1473 2844 1515 ‚
2897 1415 3042 1501 fiat
3077 1417 3377 1502 tandem

904 1553 1331 1643 protervus
1373 1528 1637 1612 irrisor
1656 1555 1902 1644 atque
1919 1530 2400 1638 adversarius
2427 1531 2857 1644 singularis.
2921 1532 3378 1643 Imoquam-

904 1647 1031 1726 vis
1053 1646 1285 1743 ‚idem
1320 1645 1683 1726 ‘omnium
1726 1674 1991 1730 rerum
2042 1645 2509 1758 spiritalium
2567 1646 2699 1728 vel
2755 1641 3198 1727 mitissimas
3251 1641 3380 1726 fibi

906 1759 1125 1840 ideas
1163 1757 1715 1840 ratiocinando
1752 1758 2175 1842 efformare
2213 1757 2464 1870 posset
2508 1816 2535 1857 ,
2609 1759 2886 1872 (quod
2925 1777 3188 1840 tamen
3223 1754 3382 1839 fieri·
3416 1803 3425 1810 -
3457 1784 3467 1796 ·

911 1899 1075 1952 non
1118 1867 1381 1981 potest
1401 1864 1493 1977 ‚)
1551 1870 1751 1952 nihil
1791 1895 2060 1956 tamen
2097 1870 2242 1954 fibi
2277 1871 2626 1956 efficeret
2661 1897 2905 1981 quam
2945 1873 3390 1954 inane-sum-

754 1990 761 1999 '
908 1984 1081 2066 bras
1120 1982 1621 2094 pieturasque
1660 1984 1902 2094 plane
1949 1983 2452 2068 infoecundas
2491 1985 2584 2068 ac
2621 1987 2788 2068 vita
2822 2007 3110 2068 vacuas
3147 2047 3167 2078 ,
3219 2007 3388 2094 quc

912 2118 1229 2180 tantum
1267 2093 1479 2180 abest
1516 2119 1607 2178 ut
1640 2095 1884 2206 ipsius
1921 2101 2261 2186 anirnam
2301 2098 2574 2194 satiare
2611 2093 2924 2210 possent
2943 2121 3186 2208 atque
3201 2099 3390 2180 vivi-

920 2207 1203 2309 ficare3
1244 2208 1491 2321 ipsam
1516 2214 1788 2320 potius
1809 2235 2057 2294 vento
2079 2210 2340 2325 stygio
2359 2271 2386 2313 ‚
2441 2213 2838 2295 diabolica
2875 2209 3232 2323 superbia
3249 2209 3382 2292 sto-

923 2322 1253 2435 lidaque
1282 2351 1376 2406 ac
1414 2351 1617 2408 vana
1654 2323 1912 2437 gloria
1949 2328 2376 2436 implerent
2409 2329 2800 2410 duntaxat
2835 2346 3084 2437 atque
3103 2326 3386 2435 adpro-

922 2432 1379 2521 fundiorem
1419 2437 2014 2523 damnationem
2050 2440 2538 2525 deducerent
2573 2486 2598 2541 3
2653 2448 2736 2523 δε
2773 2437 2976 2521 nihil
3013 2462 3383 2548 praterea.

1024 2552 1140 2633 At
1180 2551 1237 2633 fi
1275 2552 1453 2660 quis
1468 2550 1868 2645 ,adhibitae
1893 2553 1998 2635 ad
2017 2553 2436 2637 lestionem
2458 2582 2716 2639 rerum
2753 2548 3394 2663 Mysticarumfa-

916 2662 1206 2747 cultati
1240 2664 1616 2747 Rationis
1646 2664 2052 2751 umbratili
2091 2666 2380 2775 pistori
2415 2692 2644 2779 aeque
2671 2672 3060 2777 jungat&
3081 2662 3386 2749 faculta-

790 2882 795 2887 .
917 2798 1039 2861 tes
1074 2774 1303 2863 reales
1336 2775 1699 2859 desiderii
1719 2780 1890 2861 vivi
1909 2778 2456 2887 &inteneaus
2497 2778 2776 2893 paffivi
2797 2835 2822 2876 ‚
2841 2804 3024 2889 quae
3044 2776 3386 2975 &apium

919 2890 1189 2975 Deum
1247 2953 1285 2987 „
1346 2889 1982 3001 resque'divinas
2011 2892 2210 3003 ipsas
2264 2922 2359 2977 ac
2392 2919 2665 2977 earum
2715 2892 3042 2977 vividos
3079 2894 3128 2973 ‘e
3187 2884 3382 2975 &uus

918 3003 1291 3115 astusque
1328 3004 1574 3087 reales
1614 3003 2032 3115 respiciant
2071 3028 2310 3116 atque
2364 3006 2733 3091 anhelent
2773 3070 2792 3100 ,
2869 3005 3012 3089 ille
3045 3004 3396 3095 vero’de-

924 3144 1151 3199 mum
1188 3117 1475 3227 incipit
1495 3114 1645 3201 effe
1683 3118 2182 3229 aliquantum
2222 3122 2304 3202 in
2343 3122 2654 3223 meliori
2674 3121 2849 3216 via,
2875 3121 2956 3200 in
2975 3146 3138 3229 qua
3153 3142 3392 3227 neque

886 3228 1271 3317 'successu
1311 3287 1337 3327 ,
1390 3228 1653 3313 frusta
1692 3260 1784 3315 ac
1819 3230 2068 3342 scopo
2104 3230 2578 3318 destitutum
2627 3231 2780 3319 sese
2815 3230 3130 3316 videbit
3161 3230 3404 3319 modo

928 3344 1131 3427 bene
1167 3342 1303 3426 ille
1322 3400 1351 3442 ,
1406 3350 1485 3427 δε
1526 3373 1697 3427 non
1726 3346 1934 3429 male
1973 3368 2276 3459 pergat.
2369 3342 2384 3349 ”

1034 3456 1265 3541 Male
1300 3459 1513 3540 enirn
1554 3481 1904 3571 pergunt
1959 3460 2196 3544 multi
2234 3519 2260 3558 ,
2323 3460 2480 3570 ‘qui
2514 3460 2716 3542 bene
2753 3460 3276 3571 inceperant-3
3324 3474 3394 3541 at

924 3592 1241 3683 quanto
1274 3574 1525 3684 magis
1546 3575 1691 3681 qui
1727 3570 2106 3657 nonsatis
2143 3573 2344 3657 bene
2361 3576 2864 3685 inceperant.
2979 3574 3068 3657 N
3078 3599 3184 3657 ou
3221 3574 3394 3657 bene

924 3684 1104 3771 satis
1142 3684 1609 3795 inceperunt
1644 3686 1792 3795 qui
1830 3712 1982 3797 pro
2017 3686 2267 3799 scopo
2307 3686 2600 3772 habent
2632 3689 3046 3797 ‘acquirere
3081 3688 3288 3771 ideas
3317 3710 3394 3767 ac

924 3799 1426 3912 cognitiones
1466 3826 1728 3881 rerum
1765 3798 2296 3911 spiritualium
2317 3858 2345 3900 ‚
2400 3800 2525 3884 uti
2557 3798 2730 3883 illas
2768 3798 3016 3885 sciant
3037 3860 3064 3901 ‚
3102 3802 3402 3929 invoca3

922 3930 1015 3993 tu
1048 3915 1291 3997 etiam
1344 3897 1477 3997 ad'
1504 3912 1663 4037 hJoc
1704 3912 1990 4021 divino
2025 3912 2352 4025 auxilio.
2389 4012 2406 4021 ·
2464 3901 2777 3999 Melius
2831 3916 3226 4030 incipiunt
3271 3938 3404 4022 qm

3263 4048 3400 4138 pro
3521 4122 3523 4127 1

3513 4534 3523 4585 z—
