3552 4592
592 104 723 211 De
759 122 1237 253 Eucharistia
1270 130 1353 211 in
1384 128 1701 242 Ecclefia
1740 136 2154 250 tripartita.
2509 134 2661 252 3427

212 275 383 377 quod
412 276 435 348 i
484 274 533 351 fi
558 277 975 374 praestitere,
1004 288 1073 351 at
1085 300 1231 350 non
1251 275 1329 349 in
1348 264 1541 369 Ioco,
1566 302 1657 351 ex
1684 282 2082 377 ignorantia
2107 280 2250 355 scil.
2277 279 2445 357 faeti
2461 334 2485 375 ‚
2506 310 2650 359 rem
2751 322 2759 329 ·

102 364 129 394 ’
200 377 379 449 -aliter
437 398 503 446 α
528 375 781 449 habere
816 376 1106 449 credens
1140 394 1354 472 atque
1392 397 1554 448 vere
1591 374 1911 452 haberet!
1962 379 2214 477 Atqui,
2235 379 2462 475 dices,
2495 410 2650 459 mo·

155 537 163 546 .
206 474 369 547 nitus
394 471 617 549 fueras
654 472 737 546 ab
764 471 907 547 aliis
936 492 1005 547 te
1034 496 1282 547 errare.
1373 467 1647 561 ‚Verum
1678 496 1858 572 quot
1889 476 2049 551 sunt
2081 500 2328 553 eorum
2343 480 2466 577 qui
2495 504 2652 555 mo·
2691 476 2696 484 ’

204 572 315 647 niti
344 568 701 669 nunquam
734 568 1059 645 fuerunt?
1112 567 1391 643 Deinde
1414 570 1581 642 vero
1616 574 1788 669 quid
1819 572 2038 649 causae
2071 575 2170 647 est
2203 600 2330 649 cur
2373 580 2657 653 monitis

206 668 361 741 hisce
376 666 1173 763 eorumquoaufitoribus
1200 667 1477 741 credam
1494 725 1517 759 ‚
1556 662 1723 741 ciim
1748 696 1876 745 nec
1899 672 2356 770 praejudiciis,
2408 700 2536 749 nec
2551 698 2657 749 te·

206 764 443 853 nebris,
487 788 622 840 nec
636 762 1013 843 ‘affeefibus
1040 782 1315 838 careant
1334 816 1355 849 ,
1400 763 1794 863 quibusque
1823 768 2324 875 contradiqmt
2347 770 2460 845 alii
2481 774 2661 849 inter

210 887 359 959 quos
388 863 596 974 video
623 862 947 936 homines
984 886 1144 935 vere
1190 860 1449 936 sanans
1502 863 1813 961 Deoque
1837 864 2204 941 familiares
2223 924 2244 960 ,
2298 868 2424 967 qui
2459 894 2657 945 reve·-

160 1048 177 1057 -
206 984 269 1033 ra
294 981 717 1033 eontrarium
750 972 1070 1034 monent.
1450 1004 1453 1007 -

278 1056 509 1132 XVI.
564 1056 973 1131 Instantiam
1009 1055 1294 1153 quidem
1324 1050 1447 1131 vul
1584 1058 1723 1129 hoc
1754 1056 1918 1133 Ioco
1950 1061 2246 1135 afferunt
2281 1062 2656 1153 contra'in-
2782 1068 2943 1156 xvi.

206 1156 577 1255 tegi-itatem
602 1178 685 1227 ac
713 1156 1081 1251 puritatem
1118 1152 1417 1227 intentio
1496 1179 1526 1226 s
1549 1210 1573 1245 ,
1628 1154 2014 1249 causantes,
2069 1156 2282 1231 solam
2325 1160 2660 1233 intentio·
2717 1140 2966 1215 ¹”ft“”‘'“

206 1275 339 1325 nem
368 1253 447 1325 ad
483 1249 783 1327 aetionis
803 1250 1186 1325 bonitatem
1216 1269 1363 1324 non
1394 1249 2327 1351 sufficere‚quandoquidem
2347 1257 2422 1329 &
2443 1256 2659 1329 Isi-aii-
2687 1232 3036 1351 {2‘5'25‘052‘
3128 1292 3172 1341 ς

202 1348 325 1423 iitae
346 1348 517 1423 dum
562 1349 869 1423 vitulum
906 1368 1193 1422 aureum
1224 1347 1641 1439 adorarunt,
1692 1349 2156 1428 intentionem
2175 1354 2515 1451 optimam
2539 1356 2657 1425 ha·
2687 1374 2792 1426 tria
2817 1390 2888 1435 σν
2920 1372 3006 1439 ειμ-

202 1443 478 1521 buerint.
581 1446 735 1535 Hi,
788 1446 1151 1545 inquiunt,
1198 1443 1428 1539 ipsum
1450 1444 1695 1533 Deum
1719 1446 2264 1544 Dominumque,
2281 1450 2408 1545 qui
2437 1474 2656 1523 eosex
2683 1451 2908 1505 tentione

200 1543 379 1710 AEfy
430 1562 509 1617 to
544 1542 883 1617 eduxerat
922 1596 943 1629 ,
1003 1542 1435 1617 adorandum
1480 1540 1934 1625 intendebant
1965 1576 1992 1631 3
2065 1546 2232 1631 huic
2263 1547 2490 1637 enim,
2545 1546 2662 1622 vel.
2687 1524 2850 1655 '‘⁸1³‘’
2883 1537 2943 1581 '⁴‘
2997 1598 3006 1611 -

194 1639 263 1735 ip
308 1666 338 1713 s
364 1568 781 1730 sigmatibus,
832 1638 1089 1713 festum
1124 1638 1471 1713 celebrare
1504 1638 1977 1713 instituerant:
2036 1643 2438 1739 neutiquam
2479 1668 2653 1743 ergo
2683 1616 3036 1751 {J'rssssssrm

196 1734 384 1809 dium
426 1736 776 1843 quendam
812 1738 1098 1810 adorare
1146 1734 1523 1810 voluerunt
1558 1793 1580 1825 ,
1686 1736 2206 1833 nandoquidem
2247 1761 2435 1813 tanta
2461 1738 2652 1816 certe
2683 1734 2820 1812 maiia
2835 1754 2924 1828 est.

194 1855 415 1907 eorum
448 1835 745 1908 stultitia
776 1853 1099 1931 mumque
1135 1832 1427 1907 coecitas·
1450 1856 1595 1905 non
1662 1832 1767 1905 uit
1787 1888 1810 1923 ,
1861 1853 1944 1907 ut
1983 1835 2430 1933 ignorarent,
2481 1838 2652 1911 ima-

243 1930 404 2003 'nem
442 1955 661 2028 quam
688 1954 780 2005 ex
814 1933 1029 2007 aureis
1058 1931 1473 2005 ornamentis
1494 1940 1818 2002 uxorum
1842 1927 2118 2005 suarum
2151 1933 2442 2006 conflari
2475 1958 2652 2009 con·
2758 1995 2762 1999 .

191 1950 426 2125 §iique
476 2027 799 2117 viderant
830 2083 853 2119 ,
918 2050 1075 2103 non·
1111 2026 1245 2099 esse
1286 2027 1525 2136 peum
1578 2025 1778 2099 illum
1829 2026 1953 2125 qui
2009 2052 2131 2101 eos
2169 2052 2260 2105 ex
2312 2030 2649 2127 AEgypto

192 2122 543 2214 eduxerat3
594 2145 670 2197 at
710 2124 919 2197 iidem
984 2144 1220 2197 tamen
1271 2122 1441 2197 licet
1484 2122 1948 2197 intentionem
1987 2125 2242 2201 metam
2277 2126 2653 2217 habentes,

194 2218 581 2298 idololatriae
620 2221 727 2299 rei
754 2218 1043 2306 fuerunt
1080 2277 1104 2313 ,
1165 2218 1469 2318 ejusdem
1522 2244 1612 2291 ue
1667 2244 1910 2318 poenas
1963 2222 2308 2298 dederunt
2335 2222 2646 2322 graviffi-

71 2325 93 2341 ’
196 2341 343 2396 mas,
430 2322 709 2396 Verum
742 2320 931 2392 enirn
970 2341 1177 2410 vero,
1228 2319 1381 2400 haec
1412 2318 1485 2388 in
1548 2319 1731 2396 antia
1756 2345 1852 2395 ex
1875 2321 2074 2394 omni
2107 2341 2304 2420 parte
2337 2343 2477 2396 tam
2497 2345 2641 2395 ma-

190 2413 251 2488 le
270 2418 547 2514 quadrat
562 2477 586 2511 ‚
638 2437 726 2494 ut
750 2418 961 2491 mirer
986 2414 1185 2490 fuiffe
1206 2416 1335 2512 qui
1364 2415 1603 2488 eadem
1626 2417 1732 2488 uti
1750 2415 2098 2492 voluerint
2124 2445 2140 2492 :
2197 2443 2426 2516 neque
2449 2419 2638 2494 enim

188 2509 318 2588 dies
358 2515 551 2590 noffi
589 2514 762 2588 adeo
791 2511 1179 2588 contrarius
1208 2513 1311 2586 est
1338 2559 1363 2600 ,
1480 2536 1641 2584 uani
1676 2512 1747 2584 hi
1768 2511 2118 2605 ,israelitae
2153 2514 2193 2589 ὲ
2225 2517 2358 2614 piis
2411 2514 2644 2588 homi-

184 2607 369 2778 niblus
388 2612 513 2708 qui
538 2609 780 2707 Jesum
810 2608 1167 2686 Christum
1195 2609 1278 2701 in¹
1312 2535 1737 2688 Eugiuristia
1785 2611 2162 2686 adorarunt
2193 2667 2213 2700 ,
2263 2612 2420 2688 sunt
2463 2611 2643 2686 diffi-
2718 2623 2724 2628 '

192 2727 276 2780 mi
298 2733 388 2782 es.
1336 2759 1341 2766 -

254 2803 589 2882 ’Israeliten
618 2829 745 2902 per
763 2804 1203 2880 traditionem
1239 2805 1639 2901 perpetuam
1682 2801 1727 2878 a
1762 2801 2149 2898 Majoribus
2185 2804 2318 2880 suis
2349 2827 2640 2900 accepe-

186 2921 367 2989 rant,
416 2904 655 2975 Deum
696 2904 895 2977 Idola
918 2901 1301 2975 abominari
1336 2927 1353 2973 ε
1434 2923 1663 2995 neque
1705 2901 2129 2997 ignorabant
2155 2927 2233 2976 ea
2265 2927 2422 2998 quae
2456 2901 2639 2974 inter

190 2995 561 3074 Rachelem
594 3019 811 3096 atque
852 2997 1224 3074 Labanum
1336 2995 1473 3070 esta
1518 2995 1796 3070 fuerant
1835 3051 1855 3082 ,
1926 3019 2056 3070 nec
2103 3021 2244 3072 non
2293 2997 2636 3089 Jacobum

182 3093 349 3170 idola
366 3120 463 3170 ex
488 3093 753 3170 familia
776 3097 895 3172 sua
912 3076 1204 3189 ejeciss‘e.
1256 3021 1595 3170 geterum
1630 3094 1992 3191 postquam
2013 3091 2288 3169 fortein
2306 3097 2513 3194 AEgy
2565 3113 2640 3167 to

186 3191 489 3268 viderant·
512 3193 977 3269 idololatr-iam
1011 3189 1225 3290 longe
1260 3188 1711 3266 craffiffimam
1734 3249 1756 3281 ,
1807 3190 2276 3266 adorationem
2315 3213 2488 3288 puta
2563 3215 2645 3262 o-

188 3287 313 3379 vis,
360 3291 683 3389 protinus
716 3315 807 3364 ex
829 3315 979 3386 quo
1004 3288 1321 3370 diabolus
1365 3287 1600 3368 eosad
1636 3290 1820 3362 illius
1843 3288 2303 3368 imitationem
2339 3288 2644 3385 instigat,

186 3383 353 3479 pleni
382 3383 739 3464 desideriis
788 3387 1080 3484 impuris
1112 3384 1633 3482 carnalibusque
1654 3385 1886 3458 semet
1922 3383 2352 3476 inebriandi,
2401 3385 2650 3459 saltan-

182 3479 251 3562 di
276 3507 349 3558 ac
380 3483 753 3571 scortandi,
774 3504 915 3562 tam
952 3484 1257 3579 turpiter
1278 3496 1359 3554 ac
1386 3481 1659 3576 stupide
1702 3482 1948 3557 eodem
1993 3495 2213 3578 ruunt
2235 3541 2260 3576 ,
2311 3502 2394 3558 ut
2445 3482 2643 3590 peni-

69 3586 78 3595 '
184 3594 289 3652 tus
314 3581 633 3656 infatuati
662 3579 951 3656 credant
978 3581 1245 3658 idolum
1276 3580 1413 3653 hoe
1446 3578 1583 3652 effe
1609 3579 1844 3652 Deum
1884 3578 2086 3654 suum
2123 3605 2140 3651 ε
2199 3601 2426 3677 neque
2451 3601 2640 3652 enim

186 3691 211 3748 t
306 3703 373 3750 ar
444 3735 446 3738 <
520 3697 717 3762 ,enm
727 3678 1027 3778 egregia
1052 3700 1213 3776 quae
1244 3673 1467 3772 vulgo
1496 3675 1799 3776 benigne
1833 3675 2071 3750 iisdem
2111 3673 2648 3750 accommodant

182 3793 211 3868 q
299 3811 301 3828 ÷
396 3803 444 3849 o
480 3775 841 3852 ostendere
866 3793 1211 3850 conantur
1235 3797 1287 3844 o
1340 3774 1645 3846 inionem
1676 3769 1854 3847 adeo
1881 3774 2152 3866 stultam
2191 3773 2264 3847 in
2293 3797 2409 3845 eos
2447 3769 2646 3844 cade-

186 3893 211 3944 ι
280 3896 425 3952 non
460 3874 771 3980 potuiffe
784 3931 811 3969 ‚
854 3869 1272 3955 iisiexcusan
1320 3872 1376 3948 is
1396 3869 1761 3950 sufficiunt
1803 3897 1820 3942 ι
1895 3869 2465 3968 quandoquidem
2495 3867 2647 3942 hoee

1617 3993 1667 4044 x
1688 3992 1737 4043 x
1791 3991 1840 4041 2
2540 3987 2648 4036 ar-
