3552 4592
491 104 632 193 'De
647 98 1114 194 Austoribas
1133 100 1480 219 Mystic‘tk.
1532 100 1790 189 XIII.
1828 114 1897 195 3-
1934 103 2057 209 64.
2096 102 2225 213 65.
2266 105 2391 191 66.
2558 104 2717 213 547

207 250 406 333 ordo
437 312 462 348 ‚
517 254 744 331 tribus
795 256 1103 357 ejusdem
1151 258 1458 359 partibus
1505 256 1592 333 ad
1623 278 1925 355 quatuor
1953 256 2333 331 revocatis:
2392 250 2709 331 omnium

207 374 453 428 tamen
501 356 804 429 maxima
849 359 1134 431 variatio
1187 359 1259 451 in
1307 382 1395 431 eo
1443 355 1757 430 confistit
1788 412 1827 449 ‚.
1870 354 2105 453 quod,
2154 377 2242 426 ne
2269 349 2707 427 offenderen-

209 470 335 525 tur
371 446 707 549 sapientes
735 453 938 550 hujus
971 456 1282 548 mundi,
1334 455 1749 533 declarando
1801 479 1841 526 e
1892 454 2087 547 cujus
2138 450 2405 524 calam'o
2457 451 2572 524 hic·
2621 450 2706 550 lif-

203 546 345 621 ber
389 548 728 647 prodierit
765 607 790 641 ,
840 554 1132 649 virginis
1183 554 1521 651 inquam3
1587 558 1734 625 non
1766 548 1984 621 solum
2016 549 2307 647 primam
2355 545 2703 645 praefatio-

209 668 387 719 nem
445 646 812 725 omiserint
862 704 886 740 ,
951 650 1070 721 sed
1135 651 1211 724 &
1259 649 1594 722 terminos
1641 646 2015 721 femininos
2073 658 2575 719 converterunt
2626 646 2699 717 in

213 741 637 821 masculinos
678 742 808 830 sub
837 744 1053 817 finem
1085 796 1112 837 ‚
1161 746 1280 818 ubi
1316 747 1583 845 primus
1623 744 1722 836 (a)
1759 743 2001 816 editor
2028 742 2252 839 Belga
2303 742 2469 839 (qui
2512 740 2696 813 idem

219 838 518 913 Esclu'us
547 842 683 913 effe
713 842 1073 929 creditur)
1125 844 1480 942 agnoscit,
1532 838 2055 917 conversionem
2103 839 2287 913 suam
2340 838 2423 911 ad
2462 835 2702 911 Deum

210 937 656 1011 adminiculo
686 938 870 1011 istius
903 934 1192 1037 virginis
1222 940 1358 1013 ess'e
1391 938 1644 1012 factam
1665 987 1690 1027 ‚
1737 962 1947 1035 quam
1980 936 2116 1011 Dei
2144 939 2415 1037 sponsam
2435 984 2460 1023 ‚
2500 943 2703 1005 ancil·-

211 1038 354 1103 laem
377 1034 458 1107 δε
479 1044 756 1105 micam
785 1037 1102 1121 nominat
1135 1062 1154 1109 ι
1211 1060 1498 1135 quarum
1527 1058 1791 1109 vocum
1841 1033 2001 1116 loco
2051 1032 2517 1129 subrogarunt
2560 1050 2697 1105 tei·-

217 1130 454 1204 minos
485 1129 902 1205 masculinos
920 1136 1101 1226 servi
1135 1133 1207 1206 &
1244 1140 1473 1203 amici:
1524 1156 1605 1205 ac
1656 1129 1707 1202 fi
1755 1130 2160 1227 pudendum
2219 1128 2453 1217 foret,
2516 1124 2701 1199 fast-1⁰-

219 1222 438 1299 diofis
470 1226 676 1324 hujus
710 1226 918 1300 seculi
956 1227 1374 1328 sapientibus
1416 1228 1508 1300 ob
1551 1228 1799 1301 oculos
1836 1248 2098 1322 ponere
2138 1226 2499 1298 veritatem
2528 1248 2567 1297 a
2600 1222 2700 1295 fe·

217 1324 416 1397 mina
455 1323 842 1419 profectam
869 1378 891 1412 ,
937 1314 1156 1422 quum
1199 1346 1432 1399 tamen
1467 1325 1762 1422 Spiritus
1798 1325 1871 1399 S.
1926 1322 2395 1396 communiter
2434 1340 2699 1393 mentes

213 1416 558 1517 sequioris
591 1420 790 1495 sexus
905 1424 1216 1520 omptius
1253 1446 1598 1521 occupare
1620 1420 1835 1495 soleat
1870 1442 2079 1517 quam
2114 1416 2701 1493 inflataDostor·

211 1518 550 1591 culorum
591 1518 830 1591 cerebe
865 1519 926 1590 la
955 1549 980 1603 ς
1023 1519 1218 1617 quod
1253 1520 1394 1593 illae
1429 1520 1866 1591 scientiarum
1914 1520 2361 1592 humanarum
2392 1515 2703 1618 quisqui—

224 1612 336 1685 liis
374 1612 608 1689 minus
643 1614 774 1688 fint
824 1614 1112 1688 irretitae
1139 1662 1164 1706 ,
1207 1617 1427 1714 magis
1455 1639 1626 1691 vero
1668 1613 1933 1686 dociles
1962 1615 2038 1689 &
2066 1613 2152 1685 ad
2182 1612 2507 1709 pietatem
2542 1636 2707 1709 pro·-

215 1708 552 1785 divion-es
589 1718 798 1809 qu'am
845 1712 1280 1785 eruditorum
1327 1711 1539 1785 animi
1577 1737 1600 1799 3
1650 1733 1955 1809 quorum
2004 1710 2277 1781 inanem
2312 1707 2705 1804 sapientiam

321 1806 522 1879 rdere
545 1856 570 1896 ,
621 1810 1517 1905 eorumque·arrogantiam
1561 1810 1636 1881 &
1673 1806 1746 1878 su
1802 1806 2060 1882 erbiam
2097 1804 2473 1899 reprimere
2507 1803 2706 1877 lubet
2742 1884 2751 1891 ,
2885 1858 2929 1879 e

221 1830 508 1977 ffivino
551 1904 855 1977 Numini
909 1928 1032 1999 per
1071 1908 1302 1977 media
1347 1902 1707 2001 proposito
1782 1928 1879 1976 uo
1912 1900 2085 1975 adeo
2120 1900 2505 1975 conformia
2535 1959 2558 1994 ‚
2628 1900 2705 1974 &t

221 2016 374 2073 tam
409 2000 498 2072 ad
545 1998 1162 2075 mortificationem
1214 2002 1558 2074 elatorum
1614 2000 1979 2073 hominum
2032 2020 2213 2097 apta.
2338 1998 2705 2095 Quicquid

221 2093 362 2185 fit,
411 2120 494 2169 ea
525 2120 684 2192 quae
718 2096 906 2170 idem
943 2096 1238 2171 Eschius
1273 2100 1347 2170 in
1384 2096 1608 2195 prima
1634 2096 2035 2207 praefatione
2069 2096 2508 2195 antiquarum
2544 2094 2711 2167 Bel-

213 2192 676 2291 gicammo&
731 2194 838 2267 ori
897 2194 1265 2268 inariarum
1302 2190 1921 2291 Antuerpienfium
1968 2192 2387 2266 Editionur'n
2418 2241 2444 2280 ,
2500 2196 2601 2283 (v.
2632 2214 2708 2291 g.

225 2311 396 2366 nnn.
437 2311 660 2387 1542,
699 2218 960 2389 1545.)
1007 2293 1150 2370 huc
1181 2290 1598 2390 pertinentia
1628 2305 1972 2364 memorat
2006 2347 2027 2387 ‚
2078 2313 2226 2386 rem
2265 2311 2460 2363 extra
2502 2313 2713 2363 omne

223 2405 514 2486 ponunt
550 2387 908 2477 dubium,
960 2391 1035 2466 δε
1077 2391 1441 2462 merentur
1487 2387 1603 2460 hic
1635 2409 1871 2462 extare
1912 2383 2479 2484 ad·reparandam
2534 2384 2715 2474 (fine

219 2507 376 2581 quo
413 2485 704 2558 minime
737 2485 923 2558 foret
951 2486 1485 2655 offortunu'm)
1533 2479 2075 2588 supprefiionem
2112 2504 2356 2557 eorum
2384 2483 2456 2554 in
2484 2481 2711 2554 Galliss

220 2605 314 2656 α
333 2637 360 2674 ,
385 2581 852 2674 Germanica,
879 2583 959 2657 δε
1063 2583 1256 2678 atinq
1283 2582 1644 2658 Editione.
1677 2639 1686 2644 -
2152 2584 2160 2594 ’

325 2725 380 2772 ,‚
415 2679 614 2770 (66.)
670 2679 820 2752 Hic
857 2679 1078 2753 Liber
1123 2677 1482 2779 (inquit‚)
1532 2679 1955 2788 conscriptus
2004 2677 2107 2749 est
2157 2701 2196 2748 a
2244 2675 2439 2752 Vin
2468 2687 2705 2748 emt
2792 2693 2847 2769 ς,
2891 2681 3016 2758 66,

215 2797 456 2874 „quae
487 2776 865 2849 virtutibus
891 2775 1225 2850 excelluit
1247 2835 1272 2869 ,
1325 2777 1599 2851 Divino
1635 2774 1897 2872 Spiritu
1932 2775 2151 2848 afflata
2189 2831 2210 2864 ‚
2275 2775 2351 2846 δε
2388 2797 2510 2868 per
2544 2795 2705 2864 pro»
2742 2783 2825 2866 Dg
2856 2777 3100 2867 usuc-'ore

227 2875 524 2968 „priam
555 2873 1056 2969 experientiam
1083 2871 1352 2946 edofita.
1377 2873 1552 2985 Jam
1589 2898 1627 2947 a
1655 2872 1879 2968 prima
1898 2872 2265 2964 juventute
2300 2867 2495 2966 Regi
2524 2867 2707 2941 Glo-
2752 2859 2989 2946 Vngme·

221 3017 282 3062 „
307 2970 432 3042 riae
477 2965 612 3041 sese
653 2967 1170 3049 consecraverat
1201 3028 1226 3062 ‚
1291 2993 1489 3066 quus
1543 2964 1832 3066 vestigia
1866 2965 2253 3038 constanter
2296 2961 2713 3060 sequebatur
2744 2933 3097 3066 :iffa-mm}

229 3117 286 3158 ‚‚
309 3067 400 3140 ad
441 3080 748 3138 mortem
783 3066 1000 3163 usque
1035 3091 1162 3164 per
1200 3067 1423 3139 omnis
1455 3065 1735 3166 generis
1770 3060 1909 3136 vias
1944 3120 1967 3153 ‚
2017 3059 2395 3160 dulcesque
2424 3064 2498 3135 δὲ
2525 3081 2711 3135 amat

233 3217 287 3256 ,‚
313 3183 448 3236 ras.
505 3161 851 3236 ·Vivebat
883 3185 1042 3236 cum
1083 3166 1288 3237 Patre
1317 3161 1442 3238 suo
1463 3213 1488 3252 ‚
1537 3161 1659 3235 u‘bi
1695 3185 1825 3262 per
1850 3157 2317 3248 obedientiam
2344 3159 2530 3234 Patri
2559 3158 2713 3232 cui*-
2759 3159 2773 3167 ’

227 3257 470 3354 „dam
506 3259 864 3358 Spirituali
893 3261 1271 3358 praestitarn
1303 3317 1327 3352 ‚
1369 3283 1516 3356 per„
1529 3261 1832 3358 jejunia,
1888 3281 2011 3356 per
2051 3279 2287 3356 preces
2317 3309 2339 3342 ‚
2370 3256 2715 3367 .vigiliaS‚

468 3435 480 3442 .
1405 3379 1569 3430 zzz
1621 3381 1670 3430 2
2416 3352 2714 3454 aliasque

317 3490 394 3560 (a)
435 3491 626 3547 Prima
641 3485 806 3547 nbri
828 3485 1004 3548 editio
1025 3483 1245 3572 Belgica
1276 3483 1478 3547 dicitur
1497 3484 1793 3554 Ultraieffi
1814 3503 1963 3542 anno
1997 3504 2015 3540 ι
2034 3501 2157 3557 535.
2192 3473 2454 3572 prodiisse
2474 3522 2491 3547 ‚
2525 3481 2717 3543 edente

231 3563 602 3630 Theoderico
625 3569 766 3624 Loer
786 3608 803 3630 ‚
837 3558 1334 3624 carthusianorum
1365 3557 1785 3620 Colonienlium
1811 3561 2034 3618 vicario
2056 3600 2071 3624 ,
2150 3579 2205 3614 ui
2238 3555 2359 3616 vifis
2383 3555 2715 3634 quibusdam

229 3637 670 3720 ‹mustripto
697 3641 1016 3718 excerptis,¹
1045 3659 1170 3699 eam
1203 3638 1510 3697 editionem
1547 3675 1565 3702 ,
1617 3655 1675 3693 ar
1700 3655 1992 3713 eapropter
2030 3635 2099 3693 de
2144 3635 2377 3692 cientem
2412 3671 2425 3694 ‚
2460 3651 2721 3711 procura-

229 3737 386 3778 vetat
413 3761 434 3786 ‚
475 3739 650 3796 quam
693 3717 896 3776 deinde
919 3751 940 3786 ‚
987 3718 1086 3778 ubi
1107 3719 1158 3774 ei
1183 3717 1410 3794 plenum
1445 3709 1887 3790 manuscriptum
1909 3751 1931 3779 ,
1990 3714 2095 3784 (ab
2126 3708 2329 3770 Eschio
2350 3708 2677 3789 proculdubi

229 3797 754 3870 communicatum)
793 3793 979 3854 videre
1003 3795 1190 3860 licuit,
1225 3791 1562 3872 completam
1583 3788 1738 3846 dedit
1769 3807 1921 3846 anno
1952 3808 2113 3866 1539.
2151 3787 2503 3864 Autuerpiae,
2540 3784 2637 3844 ubi
2658 3791 2716 3844 δι

231 3871 448 3949 Ρωίες
469 3869 672 3929 deinde
696 3865 892 3928 excusa
919 3867 998 3929 est
1027 3865 1246 3950 Belgice
1273 3868 1572 3943 Margarita
1593 3861 1708 3924 lucc
1729 3863 2030 3942 Euangdica
2050 3901 2065 3930 ‚
2112 3881 2242 3924 cum
2269 3859 2589 3941 praefatioue
2611 3879 2715 3919 no-

227 3960 374 4010 mm
397 3941 612 4009 AEsthii
651 3945 1004 4028 prasentare,
1037 3945 1200 4005 annis
1227 3963 1250 4002 1
1269 3963 1368 4020 542
1391 3979 1409 4012 ,
1441 3946 1579 4020 1548
1601 3979 1618 4010 ,
1653 3949 1759 4002 &c-
