3552 4592
483 106 1346 193 nmmo-ratu
1401 106 1977 193 UN1vERs.
2037 103 2319 199 §.VL
2550 117 2706 225 639

193 252 580 329 nonnullos
611 256 936 334 minores
962 319 985 353 ‚
1039 260 1292 360 quibus
1339 282 1709 359 propterea
1745 257 2013 333 affricas
2054 260 2126 334 δί
2172 264 2447 357 confufhs
2480 267 2651 334 ideas
2676 322 2710 357 ,

189 356 482 451 quando
523 372 756 427 tamen
789 378 964 432 meae
995 360 1146 433 aliis
1175 416 1197 451 ‚
1251 381 1321 432 tc
1344 359 1528 432 circa
1561 361 1714 432 haec
1737 358 2415 457 ,intelligentioribus
2442 388 2477 451 2,
2536 360 2720 435 sunt„

192 447 582 523 clarisfimae
605 480 637 535 ·,
687 454 762 526 δί
796 450 1252 539 enuntiationes
1275 459 1684 529 incommodas
1710 512 1738 548 ,
1786 478 1949 554 quae
1980 454 2128 529 aliis
2166 458 2240 531 &
2262 456 2391 528 tibi
2422 456 2545 553 ipsi
2578 459 2703 532 ali—
2774 518 2790 524 ,

193 547 362 621 cubi
397 544 560 619 sunt
587 553 782 619 valde
817 551 1209 656 emphatic-23
1264 573 1418 627 tum
1443 558 1843 626 inutilitatem
1865 554 2309 653 parenthestum
2338 610 2359 645 ,
2413 578 2572 651 quae
2600 576 2705 629 ta-

193 670 361 719 men
399 643 773 719 utiliffimae
792 648 952 723 sunt
974 703 994 736 ‚
1050 674 1138 725 ne
1173 649 1524 748 respestus
1560 650 1899 748 quispiam
1920 649 2486 725 antecedentium
2510 654 2593 725 ad
2619 676 2704 727 ea

195 766 358 840 quae
385 742 776 817 tra&antur
804 747 1204 821 necessarius
1232 798 1257 836 ‚
1311 747 1660 821 oblivioni
1692 744 1997 821 tradatur
2024 774 2049 835 ·,
2094 768 2247 819 tum
2278 752 2705 820 ratiocinatio-

191 867 300 911 nes
329 844 724 913 inordinatas
750 898 776 933 ,
826 867 988 915 cum
1023 865 1262 919 tamen
1287 844 1494 943 Opus
1517 864 1752 919 totum
1778 842 1862 917 fit
1885 843 2505 918 ratiocinationum
2528 870 2701 920 con-

191 940 542 1010 catenatio
571 938 822 1013 ordine
871 944 1217 1017 continuo
1259 944 1645 1040 procedens
1692 965 1714 1031 3
1782 941 2037 1014 deinde
2072 950 2451 1037 aequs'vocaem
2480 969 2701 1015 vocum

185 1036 634 1131 afiarpaetionem
666 1088 686 1121 ,
735 1037 1020 1133 quando
1049 1066 1088 1117 e
1117 1060 1494 1115 contextus
1527 1037 1960 1138 inspeaione
1988 1038 2409 1112 indubitatus
2436 1062 2699 1114 vocum

193 1130 426 1227 lenius
453 1150 642 1226 patet
675 1158 696 1221 3
747 1136 948 1207 etiam
981 1141 1196 1236 lingue
1205 1145 1458 1238 propria
1478 1138 2088 1235 fimi-ignarantiam
2108 1186 2133 1225 ‚
2186 1160 2352 1210 cum
2387 1160 2529 1208 non
2566 1138 2702 1209 mi-

187 1252 324 1303 nus
353 1250 562 1325 atque
587 1250 668 1302 tu
692 1228 1136 1307 substantiam
1173 1236 1324 1331 ejus
1363 1234 1813 1332 intelligant,
1860 1254 2250 1330 quanquam
2293 1235 2700 1330 grammati-

189 1350 302 1400 ωε
328 1382 350 1417 ,
397 1326 772 1402 criticas&
798 1330 1154 1427 syllabicas
1179 1332 1551 1431 minutiaS,
1603 1328 1772 1427 ipsi-s
1800 1328 1984 1404 forte
2024 1354 2166 1403 non
2190 1331 2467 1429 ignotas
2492 1388 2514 1421 ‚
2566 1329 2695 1404 etfi

63 1490 78 1499 .
193 1448 344 1497 non
366 1422 498 1496 usu
519 1425 712 1497 tritas
742 1482 765 1516 ‚
817 1426 1188 1501 observare
1219 1452 1360 1502 non
1394 1448 1648 1502 curent
1671 1486 1696 1520 ,
1747 1428 1973 1501 veluti
1997 1446 2072 1500 tu
2092 1476 2115 1515 ,
2146 1434 2265 1525 qui
2296 1427 2378 1500 ad
2406 1427 2528 1501 ista
2550 1452 2699 1501 ma-

191 1523 302 1621 gis
328 1520 636 1593 attendis
679 1545 888 1618 quam
914 1523 996 1595 ad
1029 1526 1153 1597 alia
1188 1523 1511 1600 solidiora
1534 1584 1559 1618 ,
1609 1527 1688 1601 &
1714 1525 1801 1599 ad
1832 1522 2140 1599 notabile
2169 1526 2255 1599 de
2285 1525 2519 1621 aliquo
2545 1525 2700 1600 Au·

191 1618 458 1717 gustini
490 1616 756 1691 difilmrn
789 1646 805 1691 z
861 1622 958 1711 (a)
989 1620 1246 1713 Faustus
1270 1680 1294 1716 ,
1346 1650 1596 1721 magnus
1616 1627 1867 1718 laqueus
1896 1622 2161 1693 Diaboli
2180 1652 2211 1708 3
2264 1642 2357 1695 (9⁹
2380 1628 2560 1695 multi
2576 1634 2697 1695 im·-
2767 1634 2845 1705 (a)
2876 1630 3050 1695 eoaf.

181 1716 586 1819 plicabantur
607 1723 676 1785 in
702 1743 769 1786 eo
792 1741 908 1814 per
938 1720 1294 1790 illecebram
1315 1722 1821 1817 fiuviloquentiae
1858 1744 1881 1787 .·
1947 1746 2131 1817 quam
2168 1746 2273 1819 ego
2289 1730 2433 1815 jam
2459 1725 2697 1818 tametfi
2732 1710 2800 1769 1³¹·
2833 1732 2883 1787 3·

193 1812 536 1885 laudabam
559 1868 594 1904 ,
634 1814 1048 1907 discernebam
1074 1826 1278 1889 tamen
1313 1820 1348 1885 ὰ
1381 1824 1655 1889 veritate
1681 1844 1881 1887 remam
1914 1864 1942 1904 ‚
1988 1840 2247 1912 quarum
2276 1818 2696 1908 distendarum

195 1912 422 1983 «vidua
443 1936 640 1983 eram.
695 1916 846 2001 Nec
871 1914 1044 2012 quali
1084 1914 1336 2005 vastato
1357 1917 1645 2005 sermonis
1669 1961 1698 2002 ‚
1739 1914 1853 2007 [bd
1870 1914 2017 2011 quid
2042 1912 2191 1981 nzihi
2206 1915 2473 2007 sbientiae
2496 1939 2697 1984 come-

196 2009 460 2079 dendum
487 2030 814 2104 apponeret
837 2062 865 2096 ,
906 2010 1211 2082 intuebar.
1301 2010 1534 2085 Verus
1579 2008 1672 2081 lin
1729 2031 1841 2083 uae
1886 2007 2050 2081 usus
2076 2006 2179 2080 est
2226 2008 2569 2109 magnalia
2618 2011 2697 2103 δε

197 2102 580 2179 laudabilia
615 2104 760 2177 Dei
795 2106 869 2179 Bc
917 2104 1238 2181 salutaria
1277 2106 1615 2203 proximis
1714 2104 2067 2203 mpliciter
2105 2127 2197 2177 ex
2238 2104 2431 2179 bono
2480 2106 2695 2180 corde

197 2202 512 2301 proferre
536 2226 562 2290 ·,
612 2226 759 2275 non
786 2222 1022 2278 autem
1051 2228 1338 2302 operam
1359 2206 1522 2278 dare
1547 2223 1630 2278 ut
1655 2200 1915 2277 omiffis
1944 2200 2465 2301 parenthesibus
2492 2260 2513 2295 ‚
2565 2200 2703 2277 ser-

197 2299 796 2388 vamwculamm
830 2300 1172 2378 severiore
1207 2301 1458 2376 ordine
1487 2350 1519 2388 ,.
1567 2302 1767 2388 loco,
1798 2301 1965 2374 sono
1992 2358 2014 2394 ,
2050 2300 2227 2374 fucis
2250 2301 2697 2399 minutiisque

199 2399 357 2496 ejus
391 2397 669 2496 generis
695 2399 1124 2498 nugacibuS,
1173 2424 1372 2473 aures
1405 2399 1957 2474 delicatulorum.
1989 2398 2377 2494 prurientes
2419 2398 2700 2474 demul-

199 2489 350 2569 ἀπὶ
387 2492 636 2592 poffint
659 2501 884 2569 modis
914 2493 1288 2569 vaniffitnae
1323 2495 1430 2568 isti
1457 2498 1730 2569 aurium
1754 2493 2054 2567 luxuria:
2073 2513 2283 2590 atque
2296 2493 2516 2567 amori
2538 2519 2721 2592 pro-.
2778 2513 2819 2559 .·

201 2593 366 2690 prio
394 2594 606 2690 gratis
630 2650 653 2684 ‚
705 2594 782 2667 δί
819 2595 942 2690 qui
977 2593 1172 2666 idolo
1205 2590 1829 2691 superbiae-nostra:
1862 2591 2350 2688 eloquentium
2376 2591 2699 2665 virorum

199 2711 442 2764 vanam
467 2689 839 2787 gloriolam
871 2690 1263 2788 acquirant.
1359 2691 1466 2762 lta
1495 2711 1572 2760 ut
1605 2713 1695 2762 ex
1733 2688 2043 2761 obtentis
2068 2688 2309 2776 harum
2348 2711 2699 2787 nugarum

193 2783 866 2861 inobservationibus
891 2789 964 2861 ὃς
983 2787 1448 2886 paedagogia-is
1461 2785 2217 2886 grammaticastrorum
2232 2783 2645 2858 futilitatibu
2654 2809 2711 2873 S,

201 2887 439 2981 n'eque
485 2879 690 2979 poffis
735 2905 1118 2980 praetexere
1152 2883 1508 2957 difitorum
1545 2882 2029 2957 obscuritatem
2072 2940 2095 2974 ,
2151 2907 2379 2979 neque
2424 2880 2699 2955 causam

207 2979 638 3055 necessariam
661 2979 952 3054 obscura
979 3039 1000 3072 ‚
1052 2979 1104 3053 si
1123 3005 1282 3080 quae
1311 2979 1523 3053 essent
1553 3038 1576 3071 ‚
1628 2979 1950 3075 perverso
1982 2978 2176 3052 sensu
2210 2977 2586 3052 referendi:
2615 2976 2701 3050 fi-

207 3079 510 3177 quidem
539 3077 653 3150 vel
693 3084 762 3149 in
793 3075 1382 3175 eloquentissimos
1415 3078 1487 3148 &
1519 3076 1943 3149 nitidiffimae·
1966 3076 2387 3150 elocutionis
2427 3075 2705 3148 Αυὲὶῐο-

205 3199 318 3249 res
337 3225 364 3261 ‚
419 3175 706 3272 quando
731 3199 979 3272 nempe
1009 3175 1396 3250 socinianis
1421 3165 1767 3247 errorffius
1800 3197 1947 3245 non
1978 3172 2218 3246 favent
2244 3219 2269 3262 ‚
2324 3173 2695 3246 iisdem-ar·

205 3272 398 3348 tibus
421 3295 584 3370 agas
607 3329 629 3362 ‚
651 3272 756 3345 uti
783 3272 998 3345 modo
1021 3271 1408 3345 videbimus
1436 3297 1452 3343 :
1509 3270 1582 3343 &
1617 3269 1725 3343 lll.
1751 3269 2084 3366 Episcopi
2107 3265 2591 3343 Meidunenfis
2613 3269 2701 3341 de

205 3372 334 3446 SS.
355 3371 432 3444 T
439 3369 716 3442 rinitate
743 3370 1064 3467 quaedam
1095 3371 1380 3468 egregia
1407 3393 1504 3442 eo
1533 3367 1694 3464 styli
1717 3369 1947 3441 nitore
1972 3415 1997 3452 ,
2049 3391 2129 3440 ea
2166 3367 2652 3462 perspicuitate
2679 3421 2705 3458 ,

209 3487 290 3540 ut
327 3467 426 3540 nil
458 3465 710 3564 supter,
761 3468 1192 3540 enunciantis
1221 3514 1245 3553 ,
1296 3465 1712 3541 Orationem
1747 3464 2064 3538 nomines
2108 3467 2226 3554 (a)
2260 3463 2466 3537 semel
2496 3483 2704 3560 atque
2777 3463 3091 3540 (bmnttee

211 3563 476 3638 iterum
495 3571 576 3634 du
592 3569 1031 3663 galimarhi‘as,
1055 3563 1468 3655 (verborum.
1485 3562 1742 3635 sonitus
1763 3561 2031 3648 inanes)
2056 3583 2204 3633 r-etn
2222 3579 2453 3634 autern
2473 3558 2709 3656 ipsam,
2744 3563 2797 3623 P·
2830 3563 2960 3618 ³0²·

207 3664 540 3734 chimera.
640 3660 966 3735 veriores
994 3685 1124 3733 cur
1151 3661 1268 3733 his·
1287 3659 1520 3733 modis
1545 3681 1704 3756 agas
1731 3656 1960 3732 causas
1981 3706 2005 3748 ‚
2056 3679 2215 3731 cum
2248 3657 2706 3757 generaliore-s

215 3777 366 3831 tum
401 3757 832 3856 specialiores
865 3815 888 3847 ‚
940 3759 1080 3852 jam
1103 3756 1418 3852 superius
1443 3753 1983 3836 commonstravi
2008 3785 2038 3840 ·,
2084 3754 2191 3828 uti
2224 3758 2299 3830 &
2324 3752 2551 3827 causas
2585 3775 2707 3825 cur

219 3855 515 3931 obscum
553 3855 686 3929 tibi
721 3855 947 3930 multa
989 3852 1364 3931 videantur
1387 3911 1410 3948 ,
1461 3852 1746 3951 quando
1775 3853 1927 3928 ἀλκὶ
1958 3910 1983 3946 ,
2032 3851 2353 3949 ὶὶὶοεςυὶ
2382 3847 2709 3960 suae-Ra·-

218 4008 228 4019 .
2502 3966 2713 4023 nonis
