3552 4592
879 125 1042 231 654
1309 114 1983 225 ,Ep1s‘roLA
2044 94 2901 230 AD'AchToRnu

891 268 1018 345 illo
1050 264 1358 362 quodam
1389 263 1620 337 minus
1649 266 2013 361 praecipuo
2048 291 2073 354 ·‚
2118 266 2477 365 Pelagiani
2506 292 2675 366 vero
2706 327 2731 363 ‚
2780 270 2908 367 qui
2928 270 3075 345 duo
3098 269 3207 345 ma
3232 275 3373 367 pri-

903 390 1018 439 ma
1058 368 1290 437 ialutis
1325 361 2276 456 fundamentaconcutiunt,
2326 370 2401 439 in
2438 368 2642 441 tertia
2682 367 2805 441 ista
2844 368 3177 443 sententia
3216 394 3369 443 cum

901 459 1247 560 prioribus
1283 460 1627 557 plerisque
1645 458 1795 532 aliis
1818 460 2266 550 orthodoxis,
2286 460 2375 535 de
2408 462 2921 539 universalitate
2944 464 3371 561 scilicetgra-

907 562 1028 633 tiae
1049 559 1136 631 &
1170 554 1492 631 libertate
1517 556 1700 631 circa
1724 577 1877 632 eam
1911 556 2365 634 consentiunt
2384 559 2611 639 &lum
2630 584 2970 657 quantum
2990 561 3076 635 ad
3099 562 3371 659 speciem

905 655 984 729 ὅτ.
1009 652 1560 731 nominationem
1587 686 1608 739 ·.
1655 678 1803 727 non
1827 675 2057 729 autem
2086 677 2427 752 quantum
2454 657 2541 735 ad
2570 681 2747 749 rem,
2774 658 3369 755 quae‚(utdi&um)

909 752 1039 827 sub
1073 750 1374 849 ejusdem
1411 751 1715 826 nominis
1763 750 2222 850 ambiguitate
2272 753 2375 829 est
2422 754 2493 825 in
2530 752 2841 849 utrisque
2890 753 3371 827 diversiffima:

910 870 1152 923 evenit
1188 849 1352 921 hinc
1377 896 1404 937 ‚
1453 870 1538 923 ut
1563 848 1639 923 δι’,
1673 847 1792 937 hi,
1844 851 2011 924 Pela
2068 849 2198 921 iani
2230 908 2255 942 ,
2306 869 2598 946 propter
2638 875 2787 923 eam
2839 850 3135 946 speciem
3174 852 3386 930 nomi·

843 1030 848 1038 ⁸
916 947 1144 1027 nalem
1187 941 1410 1025 solum
1445 947 1522 1019 δί
1555 942 1876 1017 fallacem
1912 1002 1937 1036 ,
2016 943 2123 1017 ese
2158 944 2571 1021 fallaciffime
2614 968 2780 1019 cum
2822 946 3217 1021 Catholicis
3261 944 3389 1018 illis
3514 932 3525 948 ’

914 1044 1160 1139 primis
1195 1066 1272 1118 ac
1313 1041 1364 1113 fi
1391 1042 1480 1114 de
1509 1064 1583 1113 re
1614 1039 1756 1138 ipsa
1786 1042 1966 1114 inter
2000 1065 2121 1115 eos
2150 1045 2563 1117 conveniret
2597 1044 2671 1114 in
2704 1042 3001 1119 solidum
3036 1100 3061 1135 ,
3110 1066 3389 1138 compo·

917 1158 1134 1227 nant3
1191 1159 1354 1213 tutrix
1385 1162 1553 1211 vero
1595 1138 1829 1233 postea
1851 1138 2251 1233 Augustino
2288 1138 2425 1223 sese
2453 1160 2895 1235 opponentes
2918 1142 2993 1211 in
3028 1140 3345 1215 omnibus
3366 1194 3391 1228 ,

905 1235 1308 1311 Ecclesiam
1346 1235 1770 1331 primitivam
1824 1238 2023 1326 (cum
2042 1258 2179 1330 qua
2208 1234 2277 1307 se
2306 1236 2887 1331 aequivocationis
2912 1234 3263 1310 beneficio
3280 1232 3395 1306 ffi-

919 1334 1162 1418 ‚laciter
1197 1335 1274 1407 δε
1301 1328 1694 1405 indistinete
1725 1328 2287 1427 composuerant)
2334 1332 2679 1405 adducere
2706 1333 2973 1406 audent
2997 1330 3397 1407 velutasuis

922 1430 1234 1525 partibus
1256 1428 1562 1503 stantem·
1579 1448 1829 1499 contra
1852 1426 2331 1523 Augustinum
2364 1453 2383 1499 :
2438 1450 2651 1525 quem
2677 1473 2703 1515 ‚
2750 1425 2923 1523 quid
2948 1430 3009 1502 is
3042 1450 3397 1525 pei-verm

924 1526 1316 1599 d0&rimm
1348 1526 1437 1599 de
1467 1524 1931 1621 corruptione
1961 1525 2263 1600 hominis
2290 1526 2365 1598 δι’.
2392 1524 2481 1597 de
2586 1523 2779 1597 ratiae
2824 1524 2966 1597 Dei
3030 1522 3401 1599 noceffinte

921 1621 1053 1695 sese
1104 1618 1466 1696 fortiffime
1505 1622 1582 1695 &
1615 1643 1779 1692 cum
1828 1620 2124 1695 succeffu
2162 1618 2492 1717 opposuit
2548 1618 2857 1717 uperbiae
2888 1620 3283 1718 Pelagianae
3324 1620 3397 1693 &

919 1719 1146 1791 amori
1199 1718 1484 1815 proprio
1519 1766 1544 1807 ,
1607 1716 1943 1790 atrociter
1993 1739 2357 1814 propterea
2400 1715 2821 1790 inse&mtur
2868 1719 2945 1791 δε
2998 1715 3401 1815 implacabili

925 1815 1096 1889 odio
1141 1814 1519 1888 traducunt
1553 1872 1577 1905 ‚
1629 1836 1775 1909 quo
1814 1811 1903 1882 de
1939 1837 2026 1886 eo
2066 1834 2301 1910 aperte
2330 1864 2350 1897 ,
2396 1813 2625 1910 deque
2672 1812 2870 1885 omni
2918 1816 3207 1909 puriore
3252 1832 3399 1885 ante

921 1934 1088 1985 eum
1119 1910 1641 1985 Christianismo
1665 1966 1690 2000 ,
1741 1909 1817 1999 in
1864 1908 2048 1983 hisce
2082 1932 2249 1983 cum
2286 1907 2412 1983 illo
2442 1912 2779 2005 quantu‘m
2810 1909 2899 1981 ad
2932 1932 3086 1981 rem
3118 1932 3401 1983 eoncor-

813 2028 821 2036 '
925 2008 1179 2097 dante,
1230 2008 1575 2103 implicite
1613 2003 1991 2079 vindiaam
2021 2003 2291 2080 sumant
2320 2006 2395 2079 in
2428 2003 2720 2102 persona
2748 2004 3183 2103 Augustini,
3204 2027 3399 2101 quem

927 2105 1190 2179 idcirco
1231 2105 1458 2177 omnis
1513 2101 1789 2212 generis
1831 2100 2097 2175 artibus
2130 2099 2429 2177 invisum
2456 2099 2783 2177 omnibus
2822 2100 3117 2175 reddere
3154 2100 3403 2175 anabo-

927 2220 1103 2274 rant.
1159 2201 1394 2298 Atque
1433 2200 1561 2273 nih
1588 2250 1609 2285 ,
1657 2216 1910 2295 praeter
1947 2198 2263 2295 generale
2298 2198 2374 2273 &
2410 2196 2724 2273 nativum
2758 2218 3117 2295 corruptae
3146 2218 3397 2271 -naturae

929 2317 1176 2370 contra
1207 2295 1831 2374 veritatemodium
1852 2342 1875 2383 ,
1897 2294 1987 2368 de
2010 2319 2153 2392 quo
2172 2293 2416 2392 supra,
2456 2291 2657 2368 hasce
2688 2293 2899 2370 etiam
2920 2293 3230 2392 ejusdem
3364 2333 3397 2350 -

929 2393 1171 2468 tinacis
1194 2391 1342 2467 odii
1371 2395 1472 2468 tui
1521 2394 1597 2466 in
1630 2391 2103 2491 Augustinum
2148 2390 2464 2488 speciales
2504 2389 2735 2464 causas
2784 2392 2859 2466 in
2920 2413 3004 2470 te,
3042 2413 3393 2490 agnem,

863 2521 868 2525 ·
931 2489 1228 2564 orandus
1269 2491 1368 2563 est
1405 2487 1602 2564 Deus
1639 2489 1967 2576 interiora
1998 2507 2116 2562 tua
2151 2487 2282 2561 tibi
2321 2507 2407 2561 ut
2433 2487 2691 2584 aperiat
2726 2513 2749 2577 ;
2810 2487 2882 2558 in
2917 2487 3181 2562 libellis
3218 2485 3391 2559 enim

581 2561 658 2636 (⁴)
697 2564 826 2618 ω’·
931 2588 1071 2662 tuis
1098 2636 1122 2675 ‚
1171 2587 1248 2660 iis
1285 2586 1662 2682 praesertim
1696 2608 1875 2682 quos
1903 2583 1975 2656 in
2004 2583 2397 2658 Simonium
2430 2585 2549 2670 (a)
2582 2581 2896 2680 scripsisti
2919 2638 2941 2670 ‚
2988 2609 3153 2682 quae
3190 2583 3393 2657 modo

547 2655 846 2791 {sgffsssm
931 2683 1078 2758 dixi
1106 2685 1337 2758 omnia
1371 2683 1436 2756 se
1461 2684 1628 2778 -plus
1665 2681 1821 2756 satis
1850 2681 2005 2752 talia
2037 2679 2389 2776 produnt:
2444 2703 2608 2790 quae
2642 2703 2785 2754 non
2820 2705 2915 2754 ex
2942 2681 3263 2752 charitate
3279 2703 3395 2751 ve..

550 2809 610 2922 ἶ).
631 2807 772 2922 {⁵13}
784 2793 893 2845 &c-
929 2779 1150 2854 ritatis
1178 2836 1204 2871 ‚
1257 2778 1370 2854 sed
1395 2803 1489 2852 ex
1523 2776 1887 2853 affectibus
1914 2777 1991 2850 &
2018 2775 2167 2848 odii
2200 2773 2513 2850 indefefla
2530 2775 2961 2874 malignitate
2982 2776 3313 2850 testentur
3328 2773 3391 2848 se

610 2884 640 2921 ⁶
664 2884 694 2921 ⁶
763 2905 779 2920 ·
929 2899 1268 2952 emanare.
2432 2913 2443 2920 ·
2705 2933 2721 2946 .

553 2938 843 3094 (ὲῇῗῇ
1017 2973 1235 3068 Quod
1292 2972 1342 3047 fi
1393 2972 1581 3048 enim
1611 2997 1698 3045 ex
1733 2969 2061 3044 charitate
2088 2991 2251 3044 cum
2280 2993 2367 3042 eo
2404 2993 2641 3069 ageres
2662 3025 2685 3060 ,
2735 2967 3103 3042 immensae
3134 2989 3293 3064 quae
3326 2965 3391 3040 in

553 3104 760 3172 1²·367·
925 3073 1150 3146 anima
1201 3068 1536 3156 Praesulis,
1569 3066 1772 3148 saneti
1818 3067 2145 3156 inerant,
2200 3064 2311 3139 vel
2360 3065 2675 3142 hostibus
2718 3089 2861 3138 non
2900 3064 3393 3154 renuentibus,

825 3161 833 3171 ⁸
866 3175 872 3182 '
926 3170 1221 3241 virtutes
1249 3215 1271 3255 ‚
1323 3165 1702 3265 praesertim
1734 3188 1892 3261 ›quae
1932 3187 2143 3236 omne
2172 3159 2412 3236 ferunt
2444 3161 2787 3262 punctum
2821 3218 2844 3251 ‚
2898 3162 3037 3236 Dei
3072 3161 3397 3256 proximi-

933 3287 1072 3362 que
1101 3287 1296 3336 amor
1325 3287 1486 3338 cum
1519 3257 2043 3359 profundissima
2075 3258 2470 3334 humilitate
2502 3313 2527 3346 ‚
2570 3256 2697 3332 tibi
2728 3256 2981 3332 millies
3012 3257 3175 3356 plus
3212 3275 3395 3336 erant

927 3359 1192 3456 ubique
1222 3357 1577 3436 laudandae
1599 3411 1620 3444 2
1668 3381 1879 3454 quam
1908 3353 2641 3450 exprobramus-unus
2664 3373 2785 3428 aut
2802 3354 2999 3428 alter·
3026 3375 3258 3428 naevus
3284 3373 3401 3424 ne-

927 3479 1067 3553 que
1099 3457 1529 3535 voluntarius
1565 3457 1640 3532 &c
1683 3475 1853 3528 vero
1890 3451 1953 3524 ei
2007 3451 2463 3549 incognitus:
2518 3471 2737 3526 errata
2778 3450 2969 3526 enim
3002 3447 3121 3524 sua
3166 3447 3217 3522 fi
3268 3471 3403 3548 qun

927 3553 1397 3652 cognoscebat
1420 3605 1442 3640 ,
1492 3551 1744 3630 nedum
1781 3548 2076 3624 retinere
2104 3548 2316 3624 vellet
2342 3549 2463 3624 au't
2494 3546 2822 3624 excusare
2848 3545 2963 3620 vel
2988 3543 3359 3620 defendere
3376 3597 3399 3632 ‚

923 3649 1182 3726 solebat
1209 3649 1328 3725 ille
1368 3650 1732 3745 deplorare
1762 3697 1788 3736 ‚
1838 3648 1914 3721 &
1949 3645 2054 3721 vel
2088 3645 2379 3742 publico
2410 3645 2621 3720 etiam
2650 3643 2831 3741 stylo
2868 3667 3107 3718 coram
3138 3645 3299 3718 Deo
3332 3644 3401 3720 δι

923 3748 1330 3824 hominibus
1357 3771 1436 3822 ea
1463 3747 1716 3822 mentis
1747 3741 2134 3820 sinceritate
2156 3742 2378 3840 iisque
2405 3741 2633 3817 modis
2654 3737 2975 3815 confiteri
2996 3787 3025 3828 ‚
3050 3759 3135 3814 ut
3158 3739 3403 3814 sentire

923 3843 1180 3958 poffint
1207 3863 1568 3942 quotquot
1593 3841 1886 3921 audiunt
1904 3893 1929 3935 ,
1974 3841 2049 3920 ‘m
2076 3836 2483 3944 sanstiffima
2514 3859 2729 3937 atque
2760 3836 3157 3916 humillima
3184 3833 3401 4006 ani-22:
