3552 4592
900 174 1072 277 ‘³54
1438 83 2896 243 EPlgTbe'L

904 303 1398 399 incorruptum
1455 302 1697 375 Deum
1750 357 1778 389 ‚
1851 316 2096 373 eorum
2147 296 2560 377 Creatorem
2615 354 2638 390 ‚
2705 299 3268 397 Redemptorem
3303 328 3422 379 ,ac

906 400 1503 477 Sanctificatorem
1540 452 1563 488 ,
1624 394 1844 492 idque
1867 394 1995 495 'per
2033 421 2196 469 vera
2230 396 2707 493 abnegationis
2737 396 2843 471 sui
2887 398 3113 471 media
3143 456 3166 491 ,
3207 396 3416 475 'divi-

908 522 1155 575 narum
1184 520 1427 571 autem
1442 508 1679 567 'rerum
1716 550 1739 584 ,
1765 496 1867 568 ·&
1891 492 2300 567 facultatum
2321 516 2574 569 ammae
2600 493 2850 569 nostia:
2871 496 3182 570 circatas
3203 523 3416 573 exer-

896 597 1153 669 citium
1182 592 1517 682 ,aeu‘sum
1554 621 1579 675 5
1638 615 1796 662 non·
1815 591 2042 688 potest
2079 588 2234 663 fane
2274 614 2420 663 non
2456 591 2838 689 approbari·
2876 613 3161 667 eatenus
3205 618 3416 670 utro-

906 719 1045 791 que
1080 692 1337 791 pollice
1373 716 1410 759 a
1446 685 1771 786 quolibet
1811 688 2081 785 probo,
2137 686 2186 757 fi
2226 688 2441 759 modo
2471 686 2834 779 affefflbus
2857 690 3086 787 pravis
3119 714 3199 764 ac
3221 718 3418 789 prae-

900 790 1185 885 judiciis
1240 786 1323 859 fi't
1374 786 1583 859 liber.
1685 784 1834 858 Cui
1887 785 1985 859 rei
2036 782 2409 881 probanda:
2456 788 2620 883 quia
2675 785 2887 863 lectio
2940 786 3164 862 libelli
3200 836 3238 877 7
3277 792 3408 889 qui

907 889 1186 961 brevior
1224 885 1325 957 est
1351 940 1374 976 ,
1427 884 1572 981 ipsa
1605 883 1761 963 satis
1789 882 1890 959 est
1919 912 1956 968 3.
2001 906 2084 957 ea
2123 880 2338 955 cuivis
2384 906 2538 957 tem
2583 902 2970 981 experturo
3025 884 3256 960 solum
3307 888 3416 963 est

908 982 1501 1059 commendanda.

1002 1082 1138 1159 Sed
1184 1079 1349 1177 quia
1382 1081 1635 1176 impedit
1663 1085 1767 1150 ira
1803 1082 2084 1169 aninum·
2101 1102 2184 1148 ne
2199 1078 2375 1245 (offic
2409 1104 2662 1150 cernere
2705 1099 2922 1151 ’verum
2953 1130 2980 1173 ‚
3031 1078 3200 1155 hinc
3241 1104 3412 1157 eve-

912 1176 1021 1252 nit
1055 1235 1078 1270 ,
1134 1198 1215 1250 ut
1258 1175 1307 1247 fi
1344 1178 1503 1273 quis
1538 1175 1765 1248 leolor
1803 1176 1892 1247 'in
1943 1172 2108 1248 libri
2157 1200 2196 1247 a
2221 1175 2448 1273 icujus
2481 1175 2788 1249 editores
2821 1196 2940 1250 aut
2970 1176 3280 1253 fautores
3299 1180 3414 1255 ira

910 1274 1218 1373 percitus
1255 1274 1425 1345 effet
1468 1329 1492 1364 ,
1557 1272 1798 1369 eisque
1844 1272 2023 1369 male
2073 1272 2345 1362 vellet,
2419 1295 2566 1345 non
2615 1274 2877 1347 mirum
2929 1274 3102 1349 effet
3141 1276 3294 1351 sane
3347 1276 3408 1351 fi

914 1395 1361 1469 quaecunque
1397 1369 1664 1466 optima
1692 1370 1769 1443 ὅτ
1807 1366 2144 1443 verifflma
2169 1366 2450 1442 fuissent
2479 1368 2579 1442 ab
2599 1370 2696 1443 eis
2731 1368 3028 1445 adduita
3057 1430 3080 1465 ,
3123 1372 3414 1469 peffima

906 1468 1039 1566 ipsi
1076 1493 1157 1541 ac
1192 1465 1530 1539 falfiffima
1567 1468 2019 1552 viderentur;
2068 1488 2194 1539 ‚aut
2227 1466 2320 1539 ab
2351 1492 2438 1539 eo
2471 1466 2548 1539 in
2591 1468 2840 1539 malam
2871 1490 3138 1567 partem
3167 1472 3412 1545 deton-

910 1586 1322 1663 querentur.
1416 1564 1503 1635 ld
1530 1564 1840 1637 evidenti
1867 1563 2262 1635 seculorum.
2283 1563 2604 1636 omnium
2633 1564 2793 1659 plus
2817 1563 2972 1637 satis
2999 1566 3266 1641 constat
3279 1592 3414 1641 ex-

962 1662 1267 1735 crientia.
1364 1659 1661 1753 Qiaev-is
1698 1682 1861 1733 vera
1895 1660 1970 1733 &
2005 1658 2186 1732 sacra
2212 1716 2237 1750 ‚
2287 1658 2616 1735 Christus
2646 1662 2828 1769 ipse,
2871 1659 3227 1759 sanffique
3247 1662 3359 1737 sui
3383 1711 3414 1753 ‚

908 1686 1057 1833 11²)ei
1098 1760 1174 1833 &
1206 1758 1509 1853 proximi
1544 1780 1784 1844 amor,
1835 1755 2120 1829 dilectio
2171 1779 2444 1852 paxque
2486 1755 2833 1847 sanctior,
2886 1782 3032 1832 non
3068 1782 3107 1831 a
3145 1761 3411 1857 quovis

910 1875 1183 1929 tantum
1214 1903 1239 1943 ,
1288 1852 1401 1925 sed
1446 1854 1520 1927 δί
1557 1851 1645 1925 ab
1676 1850 2160 1927 Ecclesiasticis
2187 1910 2226 1945 „
2278 1852 2454 1927 dum.
2485 1852 2741 1925 zelum
2771 1856 3052 1950 quidem
3087 1856 3413 1931 veritatis

908 1978 1011 2046 ac·
1028 1952 1181 2026 Dei.
1212 1974 1475 2023 nomen
1504 1952 1578 2023 &
1605 1948 1878 2023 causam
1923 1969 2288 2047 creparent
2310 2006 2336 2041 ,
2385 1968 2686 2024 attamen
2711 1950 2946 2023 omnia
2971 1948 3262 2029 affeetui
3273 1953 3426 2030 suo·

908 2050 1191 2125 litarent
1217 2103 1242 2139 ‚
1294 2073 1440 2120 non
1476 2042 1687 2118 semel
1724 2045 1917 2121 fiaere
1944 2046 2016 2118 &
2055 2045 2441 2144 proscripta
2464 2103 2487 2137 ,
2537 2045 2610 2120 &
2631 2046 3018 2122 eliminata.-

925 2174 961 2192 ’·
1005 2147 1434 2241 scriptorem
1470 2163 1701 2215 autem
1741 2147 2196 2214 Admonitiom's
2237 2142 2312 2215 in
2349 2142 2664 2215 libellum
2701 2164 2788 2213 eo
2825 2144 2900 2219 in
2925 2144 3082 2220 'casu
3112 2193 3137 2235 ,
3187 2168 3274 2220 ea·
3329 2146 3408 2221 in

918 2244 1175 2318 mentis
1202 2237 1650 2338 dispofitione
1682 2238 1860 2330 effe,
1912 2238 2171 2314 nedum
2205 2236 2583 2315 distimulet
2607 2289 2632 2331 ,
2683 2236 2944 2317 fatetur
2979 2242 3162 2340 ipsus
3203 2268 3410 2342 aper-

916 2360 989 2414 te
1016 2397 1039 2432 ,
1090 2339 1391 2436 quando·
1412 2337 1673 2412 Virum
1711 2361 1750 2407 a
1781 2337 2016 2434 longo
2035 2355 2352 2436 tempore
2395 2338 2792 2411 norrminus
2833 2339 3246 2414 Christiana:
3264 2341 3408 2415 do·

914 2435 1167 2511 &rina
1195 2433 1485 2510 nornine
1510 2488 1531 2520 ‚
1582 2456 1791 2530 quam
1833 2433 1934 2506 ob
1967 2432 2294 2531 pietatem
2325 2436 2400 2510 &
2430 2434 2833 2510 charitatem
2850 2436 3189 2512 omnibus
3217 2438 3410 2512 inter

916 2534 1079 2608 illos
1115 2530 1319 2631 ipsos-
1340 2529 1579 2628 probis
1629 2541 2018 2614 :bamam
2069 2531 2384 2629 undique
2403 2529 2778 2630 probatum
2805 2581 2830 2624 ,
2881 2534 2984 2608 D.
3005 2528 3102 2607 D.
3135 2537 3406 2632 spenc-
3511 2615 3521 2622 ,

915 2655 1072 2703 rum
1098 2683 1119 2716 ‚
1168 2629 1374 2703 initio
1417 2628 1716 2700 declarat
1751 2628 1837 2699 ie
1887 2631 1986 2701 ira
2025 2628 2100 2702 δί
2135 2630 2304 2704 odio
2337 2628 2715 2728 prosequi,
2765 2655 2847 2702 ac
2880 2633 3136 2704 chartis
3183 2633 3404 2708 etiam

919 2727 1219 2804 inimicis
1256 2724 1380 2798 fibi
1407 2723 1542 2796 effe
1576 2721 2133 2820 prosequendum
2171 2750 2190 2802 z
2247 2750 2376 2800 nec
2413 2722 2640 2800 solim]
2663 2749 2819 2799 eum
2843 2775 2868 2814 ‚
2919 2727 3034 2802 sed
3059 2730 3408 2804 &omnes

916 2825 1068 2922 ejus
1096 2823 1396 2897 fautores
1418 2840 1627 2918 atque
1650 2819 1911 2894 amicos
1946 2847 1964 2894 ε
2021 2821 2203 2895 inter
2233 2847 2412 2920 quos
2447 2847 2607 2896 curn
2647 2811 3014 2897 Editoreda
3037 2823 3290 2916 libelli,
3309 2825 3409 2904 de

916 2945 1067 3019 quo
1094 2919 1327 3018 agitur·
1349 2970 1370 3004 ,
1394 2919 1648 2992 merito
1682 2937 2096 2992 annumeret
2115 2971 2138 3004 ‚
2189 2921 2490 3017 (quippe
2517 2921 2583 2993 ei
2611 2919 2986 3010 affinem)
3014 2920 3182 3019 quid
3203 2921 3410 2998 aliud

914 3017 1156 3090 omnia
1258 3037 1419 3113 quae
1448 3015 1521 3086 in
1558 3012 1804 3087 libello
1841 3013 2175 3088 veriffima
2211 3016 2366 3089 sunt
2402 3013 2992 3116 atque‘optim25·
3016 3017 3138 3114 ipfi
3175 3019 3413 3110 videri

914 3113 1103 3187 debu
1230 3133 1313 3184 nt
1362 3109 1577 3208 quam
1605 3109 1853 3184 odiosa·
1875 3169 1898 3203 ,
1953 3112 2090 3184 hoc
2123 3112 2226 3186 est
2243 3161 2274 3202 ,.
2331 3112 2491 3188 falsa
2515 3134 2596 3186 ac
2631 3113 2808 3187 mala
2837 3115 2890 3186 ἴ·
2919 3115 3256 3214 idqueeo
3275 3139 3414 3189 ve·
3514 3147 3519 3160 ⁴

916 3207 1315 3283 hementius
1349 3208 1399 3280 fi
1430 3207 1559 3280 isto
1594 3206 1806 3303 paeto
1851 3209 2186 3307 consequi
2221 3213 2484 3307 poterit
2522 3265 2546 3302 ‚
2573 3241 2588 3258 ·
2609 3230 2694 3283 ut
2729 3233 2910 3308 quos
2943 3212 3113 3286 odio
3161 3209 3414 3309 prose-

732 3328 739 3342 ·
798 3349 809 3362 =
916 3307 1166 3405 quitur
1192 3363 1214 3399 ,
1265 3305 1366 3378 illi
1396 3305 1534 3377 hoe
1574 3301 1775 3398 pasto
1804 3305 2151 3382 laedantur
2177 3365 2201 3399 ,
2253 3307 2328 3380 &
2367 3308 2624 3382 damno
2645 3306 2825 3382 forte
2851 3305 3418 3408 'aliquo'conspi.;

916 3401 1365 3607 ,ευῖὶὲἰίξῗιὶ
1386 3399 1671 3568 afficiat
1702 3495 1906 3572 causa
1941 3499 2078 3574 effe
2100 3499 2400 3574 videtur·
2415 3525 2549 3611 cur
2582 3501 2680 3574 D.
2708 3499 3012 3576 Βοᾶοτὶ
3039 3527 3248 3600 prava
3265 3500 3416 3580 fint

917 3597 994 3671 ὅ(
1034 3597 1193 3668 talia
1224 3594 1353 3668 effe
1384 3592 1916 3690 proclamentur
1943 3621 2021 3668 ea
2055 3596 2082 3685 ζ
2129 3619 2290 3694 quae
2331 3599 2405 3670 in
2447 3598 2702 3698 ,libello
2744 3601 2888 3698 jam
2937 3619 3098 3674 ante
3137 3601 3418 3696 aliquot

916 3717 1135 3766 annos
1173 3693 1501 3766 idiomate
1536 3690 1786 3763 alio-in
1821 3691 2186 3786 publicum
2225 3695 2463 3768 emissa
2492 3745 2517 3784 ‚
2567 3696 2646 3770 &
2678 3696 3010 3772 omnibus
3051 3698 3430 3803 probitaeq

916 3791 994 3864 ὃς
1024 3787 1337 3863 doctrina
1368 3787 1601 3862 ubivis
1626 3786 2020 3958 coniae'picuis
2041 3792 2499 3888 comprobata
2532 3841 2557 3880 ‚
2613 3793 2670 3865 is
2703 3794 2989 3889 ipsemet
3021 3845 3044 3883 ‚
3097 3793 3360 3891 opinor
3381 3851 3410 3892 ‚

914 3885 1353 3983 approbasset
1382 3907 1723 3984 quoque,
1855 3885 2085 3966 solum
2121 3888 2428 3964 eadema
2463 3887 2629 3963 viris
2665 3888 2793 3986 ipfi
2823 3912 2972 3967 non
3003 3889 3298 3979 odiofis,
3321 3891 3413 3967 δε
3512 3933 3514 3940 ·

2115 4054 2125 4064 -
3235 4011 3412 4086 cum.
