3552 4592
861 169 1027 280 780
1187 155 1283 240 In
1321 155 1726 271 Cenficram
1759 149 2156 266 Parrhasii
2195 149 2558 267 Confider.
2575 149 2870 293 speciqlss
2927 184 3056 269 3²·

872 310 977 385 D.
1006 305 1272 382 Clerici
1317 305 1746 381 Doctrinarum
1774 301 2074 378 eandem'
2101 327 2254 382 non
2285 300 2416 376 effe
2452 328 2614 397 quae
2663 305 3198 381 Socinianomm
3227 307 3406 397 est,

872 404 1398 504 agnoscendum
1442 405 1575 476 erit
1611 422 1825 500 atque
1861 399 2223 476 fatendum
2249 459 2272 493 ‚
2321 402 3392 480 immerito-eum-Socinianismi

866 503 1264 601 suspectum
1292 500 1489 573 fuisse
1529 502 1933 574 redditum:
1989 501 2116 574 Sin
2139 520 2312 572 vero
2331 498 2620 572 eandem
2651 501 2786 574 effe
2805 501 3138 598 judicent
3161 561 3186 595 ‚
3231 503 3390 575 cla-

874 602 1029 672 met'
1054 599 1340 697 posthac
1368 596 1602 670 noster
1642 595 2028 670 Parrhafins
2056 599 2350 698 pietasque
2384 593 2534 670 suas
2554 646 2578 685 ,
2613 600 3012 696 graculosque
3045 598 3246 690 suos,
3297 601 3390 674 δε

877 695 1224 800 systemata
1262 695 1685 769 Societatum
1715 752 1738 784 ‚
1807 695 1883 767 ὅτ,
1924 697 2312 767 cantilmam-
2339 697 2592 764 eandem
2634 713 2974 790 quantum
3021 695 3390 784 inbuerit3

882 815 1239 888 nunquam
1284 811 1513 863 tamen
1552 793 1736 886 apud
1764 813 2010 885 aequos
2037 813 2272 862 rerum
2303 789 2576 886 judices
2609 789 2871 864 efficiet
2897 795 3391 888 utcontrajus

852 907 1095 962 ‘omne
1134 891 1209 962 &
1250 888 1535 960 rationis
1570 889 1755 983 leges
1785 887 2156 984 credantur
2179 887 2435 959 eruditi
2471 888 2942 984 Religionum
2973 887 3107 964 five
3137 889 3394 965 Socie-

884 1005 1108 1058 tatum
1156 985 1477 1056 omnium
1509 985 1580 1057 V
1589 985 1679 1056 iri-
1722 986 1794 1056 in
1847 993 2070 1056 u'num
2115 983 2560 1056 concorditer
2601 983 3038 1082 sepofitaque
3077 988 3390 1084 partium

884 1083 1068 1156 inter
1102 1080 1236 1155 sese
1268 1079 1698 1155 animositate
1727 1079 2012 1153 coivisse
2049 1099 2137 1154 ut.
2165 1081 2507 1153 insontem
2541 1081 2900 1154 hominem
2933 1139 2958 1173 ,
3009 1085 3207 1176 cujus
3255 1082 3396 1155 hu-

884 1203 1159 1252 manam
1192 1177 1667 1251 eruditionem·
1700 1176 1958 1271 alioqui
1984 1199 2124 1249 non
2153 1175 2546 1272 despiciunt
2582 1235 2605 1270 ‚
2655 1177 3042 1274 gauderent
3073 1179 3396 1278 gratisae

886 1297 1133 1348 contra
1168 1273 1664 1347 conscientiam
1703 1275 1883 1346 suam
1917 1273 2310 1369 opprimere
2344 1297 2470 1369 per-
2496 1275 2844 1371 judicium
2873 1274 3074 1371 quod
3111 1275 3398 1350 exhibi-

886 1373 978 1446 tis
1012 1371 1310 1470 publicis
1350 1371 1788 1452 documentis
1828 1369 1914 1442 in.
1951 1389 2290 1458 aeternurn
2330 1394 2579 1443 eorum
2617 1370 2913 1444 dedecus
2967 1370 3114 1446 falfi
3165 1373 3404 1469 posset

886 1464 1095 1565 atque
1150 1469 1514 1540 calumnia:
1566 1467 1605 1538 'a
1657 1467 1911 1562 quovis
1961 1465 2164 1538 facile
2217 1467 2567 1540 convinci.
2665 1469 3094 1543 Prudentius
3143 1469 3404 1566 egisset

842 1616 851 1625 -
890 1564 1285 1640 Parrhasius
1320 1564 1369 1634 fi
1407 1566 1532 1635 hac
1562 1563 1636 1634 in
1666 1588 1737 1635 re
1766 1565 1968 1659 plane
2005 1562 2322 1636 tacuiffet
2348 1621 2371 1653 ‚
2423 1589 2512 1636 ne
2533 1562 2718 1637 forte
2738 1565 2962 1661 aliqui
2983 1566 3100 1638 vel
3131 1590 3226 1638 ex
3257 1566 3410 1640 illis

886 1662 1237 1760 gracum,-
1287 1660 1411 1732 vel·
1430 1657 1739 1744 aliunde,
1758 1684 1908 1735 tem
1930 1657 2140 1755 ipsam
2166 1657 2580 1756 singularius
2601 1663 3136 1761 aggrediendam
3151 1687 3235 1734 ac
3251 1661 3414 1735 dis-

894 1759 1291 1832 cutiendam
1333 1779 1561 1851 operae
1600 1758 1906 1848 pretium
1940 1755 2066 1828 esse
2103 1775 2397 1850 putent,
2454 1758 2621 1832 &id
2715 1759 2858 1830 uod
2893 1759 2992 1831 est
3011 1757 3411 1848 „omnium

894 1856 1121 1930 oculis
1149 1855 1369 1950 palam
1408 1852 1786 1925 exhibeant
1833 1907 1856 1944 ,
1925 1849 2195 1947 pertaesi
2235 1852 2625 1927 tandem&
2691 1879 2730 1926 e
2767 1855 2843 1928 &t
2887 1871 3116 1928 totum
3173 1879 3407 1952 genus

894 1955 1272 2028 humanum
1304 1949 1543 2022 tandiu
1575 1949 1920 2022 ludificari
1937 1947 2303 2022 &adunco
2327 1948 2824 2046 naso-suspendi
2841 1950 2930 2023 ab
2957 1951 3254 2025 homine
3279 1951 3414 2052 qui

896 2050 969 2122 se
1004 2051 1232 2142 sapere
1259 2096 1283 2135 ,
1335 2047 1505 2118 alios
1542 2045 1848 2143 desipere
1885 2044 2189 2141 eousque
2221 2045 2635 2135 arbitratur,
2687 2067 2773 2120 ut
2813 2049 3050 2122 credat
3077 2049 3218 2122 iliis
3255 2047 3304 2121 ὲ
3335 2047 3412 2122 se

812 2191 819 2195 -
902 2143 1291 2243 persuaderi
1325 2142 1515 2238 poss'e
1550 2143 1733 2239 ipsos
1763 2143 1833 2213 id
1870 2165 2016 2214 non
2045 2141 2281 2214 videre
2313 2143 2509 2242 quod
2537 2163 2770 2217 tamen
2801 2143 3080 2244 ipsemet
3101 2147 3222 2218 vel
3245 2169 3414 2220 coe-

902 2243 1001 2316 cis
1036 2239 1457 2341 palpandum
1488 2238 1904 2338 proposuit:
1939 2235 2083 2311 nisi
2113 2235 2163 2312 fi
2193 2237 2311 2335 qui
2341 2238 2525 2313 forte
2554 2239 2691 2314 hoc
2713 2241 2935 2338 ipsum
2959 2243 3254 2343 aggredi
3281 2267 3422 2318 ve-

904 2340 1038 2411 lint
1073 2338 1341 2411 meliori
1376 2335 1723 2422 consilio,
1780 2336 1864 2408 ad
1915 2329 2471 2431 pinvertendam
2523 2318 2789 2411 ffilicet
2819 2362 2968 2413 non
3015 2362 3416 2438 paucarum

900 2436 1249 2510 mentium
1277 2433 1982 2530 seduQionem-atque
1998 2432 2570 2507 aberrationcma
2597 2435 2896 2511 veritatis
2919 2436 3232 2513 salutaris
3257 2460 3415 2511 tra-

902 2534 1125 2619 mite3.
1168 2532 1371 2628 quod.
1402 2553 1637 2603 tamen
1664 2554 1821 2629 ego·
1848 2527 2084 2602 malim
2123 2530 2202 2605 &
2233 2550 2475 2628 optem
2525 2529 2686 2606 fieri·
2725 2535 2959 2629 potius
3010 2560 3134 2633 per
3183 2534 3410 2634 ipsam

902 2630 1209 2723 hominis
1236 2628 1722 2723 poenitentiam
1764 2628 1841 2700 &c
1871 2626 2455 2701 emendationem.
2513 2630 2605 2712 ad
2637 2631 2842 2726 cujus
2867 2654 3046 2705 vero
3077 2632 3406 2729 adeptio·

910 2726 1726 2822 nernexecutioncmque
1756 2725 1858 2796 lar
1911 2726 2092 2797 intur
2117 2722 2414 2819 Spiritus
2443 2724 2582 2798 Dei
2609 2728 2703 2801 D.
2724 2728 3010 2803 Clerico
3023 2730 3178 2826 (qui
3197 2751 3410 2802 nunc

908 2824 983 2895 i'n
1013 2821 1479 2894 Bibliotheca:
1507 2820 1644 2895 suae
1680 2820 1836 2893 Sele
2003 2821 2260 2894 Tomis
2295 2818 2570 2916 aliquot
2609 2822 2676 2896 st:
2724 2826 3022 2897 eundem
3059 2824 3214 2896 ‘effe
3261 2826 3414 2920 qui
3515 2834 3538 2847 ‘

911 2916 1305 3003 Parrhasius
1344 2930 1483 2990 non
1518 2916 1727 2991 semel
1764 2914 2230 3002 declaravit‚)
2277 2938 2556 3014 apertos
2586 2921 2840 2993 mentis
2873 2921 3126 2997 oculos·
3151 2976 3176 3011 ‚
3223 2942 3414 2995 corz

911 3039 1051 3112 que
1078 3012 1320 3087 divino
1355 3015 1605 3089 timore
1632 3014 1972 3113 percitum
2010 3034 2079 3085 at
2127 3036 2216 3087 ue
2249 3020 2732 3108 penetratum!
2787 3017 2858 3091 id
2891 3018 3090 3117 quod
3131 3038 3222 3091 cx
3249 3016 3428 3091 ani-

910 3134 1031 3185 mo
1060 3112 1287 3185 eidem
1314 3132 1577 3206 exopto
1608 3168 1627 3199 ‚
1678 3134 1810 3185 nec
1837 3134 2046 3207 porro
2081 3038 2385 3182 gefinarn
2423 3134 2781 3211 exoptare.

1841 3302 2504 3380 F1N18i

2963 3965 3552 4104 Loca!
