3552 4592
485 82 1334 181 ΒιιιιοτΗΕόΞ
1385 85 1971 177 ’ῦὴῐνεκω
2014 90 2361 201 evm.
2529 96 2683 207 665

197 238 275 311 Ε.-
323 240 472 307 non
521 235 728 336 plane
777 258 910 337 pro
964 235 1192 311 nihilo
1243 234 1600 311 contemni
1647 236 1845 311 videt
1895 290 1916 324 ,
1973 236 2055 312 ὃς
2093 262 2292 336 aequa
2330 238 2538 315 datur
2576 241 2690 313 vel
2736 260 2739 263 ’

197 332 524 407 omnium
553 335 1051 432 approbatione
1087 333 1220 408 sese
1244 331 1660 408 defendendi
1683 334 1924 407 causa:
1982 334 2527 432 posteriorivero
2547 337 2695 421 sen«,

197 429 292 503 tit
317 430 665 504 duntaxat
697 430 798 503 sui
832 451 1273 505 contemtum
1301 481 1328 521 ,
1376 434 1455 505 δε
1489 430 1639 520 fere
1665 430 1996 527 absurdus
2022 432 2173 505 aliis
2204 456 2488 531 apparet
2511 434 2559 507 s1
2583 438 2693 509 in-

199 522 292 599 de
315 548 722 603 commotus
749 528 836 601 de
865 528 1120 626 injuria
1147 526 1332 601 facta
1364 548 1833 625 conqueratur
1858 580 1879 617 ‚
1930 549 2048 601 aut
2092 530 2178 601 de
2212 530 2283 603 se
2308 530 2693 606 de-fenden-'

199 621 302 697 do
331 624 624 723 cogitet.
722 626 946 721 Quod
975 624 1274 697 laedendi
1305 648 1528 725 genus
1547 671 1574 715 -‚
1616 626 1841 699 telum
1882 624 2007 698 esse
2027 626 2214 699 inter
2240 629 2473 701 omnia
2507 652 2695 702 ama-

199 716 586 812 rjffimum,
637 719 870 795 sciunt
896 718 1176 819 ipfiqui
1209 744 1300 795 eo
1333 742 1654 795 utuntur.
1750 722 1969 795 Unde
1988 748 2229 796 eorum
2266 729 2511 797 malitia
2540 750 2688 800 non

197 840 420 914 parva
441 842 522 891 ea
553 817 632 891 in
659 843 732 891 re
749 816 816 891 se
848 819 1086 915 prodit
1099 852 1134 907 -‚·
1173 819 1470 915 quando
1500 815 1869 913 praesertim
1892 818 2121 891 irrisor
2139 820 2470 913 absurda,
2501 846 2687 920 quo!

201 938 368 987 mm
399 911 540 1010 ipse
566 912 822 987 artifex
851 914 948 987 est
972 973 994 1008 ‚
1047 914 1136 988 de
1157 915 1278 989 suo
1302 914 1833 989 comminiscens
1868 936 1905 1005 ,·
1942 916 2355 994 dexteritate
2382 917 2497 991 sua
2517 918 2687 992 effe-

153 1060 174 1073 -
201 1008 402 1085 &um
438 1011 522 1085 iri
557 1010 947 1085 confides-at
980 1032 1066 1085 >ut
1093 1036 1240 1086 non
1269 1011 1408 1106 ipse
1434 1068 1464 1103 ‚
1511 1010 1630 1085 sed
1656 1012 1774 1084 alii
1797 1012 2151 1108 quibusoe
2170 1012 2437 1089 affricat
2456 1073 2478 1107 ‚
2519 1016 2693 1114 quis

203 1130 347 1205 que
387 1131 473 1181 eo
515 1107 807 1182 nomine
851 1107 1025 1181 salse*
1058 1109 1536 1182 irridebuntur
1560 1165 1583 1200 ,
1634 1132 1883 1183 eorum
1916 1092 2231 1183 adetores
2258 1110 2683 1200 habeantur3
2768 1164 2779 1187 1
2864 1204 2873 1211 ·

199 1204 413 1303 idque
441 1204 815 1278 artificium
855 1202 1154 1279 suumin
1181 1203 1250 1278 se
1283 1228 1444 1278 cum
1481 1204 1796 1301 maligno
1832 1202 2091 1304 gaudio
2128 1204 2437 1279 intuetur
2460 1210 2687 1282 &mi-

89 1298 100 1312 '
199 1320 393 1374 ratur
421 1356 448 1393 ,
499 1301 670 1375 dum
699 1300 978 1377 interim
1013 1302 1280 1375 animus
1305 1303 1448 1397 ejus
1471 1302 1762 1396 justitia:
1786 1360 1810 1393 ,
1863 1302 2354 1377 moderationis
2377 1304 2685 1378 &hone-

199 1396 394 1473 statis
439 1400 902 1499 hypocriticam·
923 1398 1186 1472 larvam
1230 1398 1308 1471 &
1340 1406 1581 1472 titutum
1603 1420 1846 1473 coram
1900 1394 2297 1473 horninibus
2338 1398 2555 1474 servat
2601 1402 2681 1477 δε

205 1492 526 1586 obtinet,
577 1494 1025 1591 quandonon
1062 1492 1278 1568 craffis
1309 1491 1690 1569 affefflmm
1721 1494 2035 1569 motibus
2065 1548 2085 1580 ‚
2132 1488 2278 1571 nim
2312 1498 2684 1594 incompo-

201 1588 344 1673 fitis
377 1590 752 1671 verborum
777 1590 1050 1689 modisj
1099 1590 1212 1663 sed
1227 1590 1524 1665 delicata
1547 1594 1627 1665 &
1648 1590 2146 1688 circumspecta
2167 1592 2499 1668 sermonis
2518 1618 2685 1668 acu·

197 1686 368 1761 leati
389 1688 800 1763 dexteritate
825 1739 851 1774 ,
896 1686 1199 1783 speciem
1221 1687 1529 1767 encomii
1559 1690 1913 1761 interdum
1948 1736 1979 1776 ‚
2028 1689 2138 1759 vel
2159 1690 2525 1789 -apologiae
2555 1715 2681 1786 pro

195 1784 494 1859 inimico
517 1840 550 1877 ‚
597 1806 721 1857 aut
757 1784 994 1859 saltem
1029 1784 1380 1858 historicae
1419 1785 1827 1857 narrationis
1847 1784 2251 1861 „aemulante
2285 1840 2307 1873 ‚
2351 1810 2485 1860 nec
2535 1812 2684 1861 non

197 1876 462 1977 frigida
485 1904 718 1957 mente
735 1930 759 1970 ‚
801 1878 1092 1955 ‚dicteria
1113 1880 1224 1953 sua
1245 1880 1574 1955 venenata
1595 1878 1961 1976 dispensat.
2029 1880 2129 1952 Et
2155 1900 2327 1955 tunc
2343 1883 2631 1980 quidem
2656 1942 2681 1975 ‚

201 1978 315 2053 uti
327 1977 504 2051 olim
527 1975 855 2053 Pharisaei
875 1976 980 2071 ,se
993 1977 1096 2050 ab
1125 1976 1528 2051 hominibus
1555 2003 1682 2074 pro
1709 1976 1999 2050 honesto
2020 2030 2043 2063 ,
2066 1980 2415 2069 modesto,
2438 1977 2681 2089 paffio-
2790 2022 2797 2025 -

199 2097 521 2172 numque
547 2074 741 2173 justo
769 2074 1208 2149 moderatore
1252 2074 1486 2147 haberi
1517 2073 1795 2147 laetatur
1829 2102 1853 2162 3
1905 2074 2294 2173 spernitque
2326 2077 2407 2151 ὅτ.
2441 2076 2685 2149 irridet

199 2193 328 2247 eos
347 2172 471 2268 qui
493 2172 648 2245 zelo
669 2169 788 2245 vel
815 2168 1072 2245 affeetu
1102 2171 1362 2245 conciti
1388 2228 1413 2263 ‚
1461 2172 1672 2245 iratos
1695 2188 1931 2243 motus
1950 2222 1973 2257 ,
1998 2192 2120 2243 aut
2152 2173 2471 2246 convicia
2494 2171 2687 2247 forte

201 2266 544 2369 asperiora
598 2274 934 2368 (quorum
961 2266 1247 2366 ipsemet
1269 2266 1735 2342 tamen-caula
1755 2266 1889 2355 est)
1937 2268 2243 2364 apertius
2271 2264 2677 2366 proferunt:

201 2385 278 2441 at
308 2385 538 2442 coram
584 2365 748 2442 Deo
785 2366 974 2440 vitiis
1011 2365 1352 2462 improbae
1393 2366 1488 2438 im
1545 2367 1764 2439 ictatis
1789 2422 1818 2454 ‚
1870 2363 2253 2460 superbiae,
2302 2367 2491 2456 odii,
2526 2367 2683 2440 vin-

203 2459 412 2538 diecae
441 2516 462 2548 ,
511 2461 936 2538 crudelitatis
959 2520 982 2555 ,
1033 2463 1316 2536 malitiae
1365 2462 1438 2534 &
1537 2458 1929 2572 ypocriseos
1966 2459 2225 2534 scatens
2252 2509 2277 2550 ,
2374 2461 2687 2537 uibusvis

203 2559 466 2656 apertis
495 2562 576 2634 ὃ(
602 2557 822 2634 craffis
853 2557 1328 2656 peccatoribus
1360 2557 1904 2632 abominabilior
1927 2556 2329 2631 &inferior
2398 2557 2639 2633 abetur
2659 2605 2687 2647 ,

206 2655 300 2736 ils
341 2681 428 2732 ue
465 2656 937 2754 postponitur.
991 2654 1178 2750 Quae
1199 2655 1434 2728 omnia
1453 2704 1480 2744 ‚
1528 2654 1843 2728 Domine
1867 2703 1893 2743 ‚
1946 2652 1995 2724 fi
2022 2654 2321 2727 necdum
2350 2654 2422 2727 in
2450 2673 2521 2727 te
2549 2654 2685 2729 {int

209 2679 336 2830 ve‘l
361 2752 634 2830 dudum
669 2752 960 2826 radicata
977 2799 1000 2840 ,
1034 2753 1143 2824 vel
1165 2752 1476 2826 nondum
1505 2775 1542 2822 a
1563 2773 1636 2824 te
1657 2749 2007 2849 perspe&a
2026 2753 2217 2840 satis,
2249 2775 2427 2849 rogo
2442 2753 2685 2826 Deum

209 2871 298 2922 ea
318 2871 402 2924 ut
430 2847 560 2924 tibi
593 2849 830 2924 vivide
855 2850 951 2922 ita
977 2849 1082 2938 uti
1109 2845 1268 2922 sunt
1299 2848 1578 2946 horrida
1600 2898 1628 2938 ,
1672 2850 1907 2921 animo
1936 2846 2381 2946 repraesentet
2413 2901 2437 2936 ‚
2482 2867 2693 2945 atque

209 2967 388 3024 nota
423 2945 661 3019 reddat
691 3003 715 3037 ,
766 2967 848 3021 ut
883 2941 1042 3018 inde
1071 2945 1182 3016 vel
1215 2946 1556 3019 revoceris
1584 2991 1610 3032 ‚
1663 2945 1774 3017 vel
1810 2944 2249 3040 praepediaris
2270 2942 2356 3016 ab
2392 2968 2481 3017 eo
2512 2943 2694 3042 prae-

205 3043 458 3140 cipitio
491 3041 568 3120 iu
597 3042 788 3142 quod
831 3053 914 3118 ω’
942 3042 1360 3138 ceteroquin
1395 3040 1883 3138 procliviorem
1918 3040 2055 3113 ess'e
2089 3041 2693 3118 testanturomnia

205 3137 358 3214 fere
381 3139 636 3234 scripta
657 3159 773 3213 tua
795 3196 820 3230 ‚
871 3137 1244 3236 praesertim
1276 3162 1354 3211 ea
1382 3161 1542 3234 quae
1567 3137 1638 3208 in
1667 3137 1839 3209 alios
1858 3135 2145 3209 examsti
2170 3193 2192 3226 ,
2212 3139 2413 3210 autin
2432 3136 2693 3233 quibus

211 3235 304 3311 de
341 3236 484 3310 illis
518 3235 826 3333 loqueris
862 3237 982 3334 qui
1020 3254 1246 3307 tecum
1291 3236 1475 3331 paria
1507 3257 1651 3306 non
1675 3233 1981 3307 sentiunt
2007 3281 2031 3321 ‚
2082 3232 2462 3328 praesertim
2505 3233 2691 3307 circa

207 3332 582 3423 Sociniana
608 3331 863 3428 placita
879 3331 989 3404 vel
1021 3332 1410 3428 pelagiana.
1464 3333 1648 3406 Sunt
1666 3330 1853 3404 enim
1879 3327 2131 3404 cuneta
2157 3330 2271 3404 illa
2296 3350 2413 3402 tua
2440 3329 2690 3428 scripta

215 3429 420 3508 teffis
453 3427 876 3504 irrisionibus
906 3425 1230 3502 adversus
1259 3452 1378 3500 eos
1406 3425 1500 3500 fic
1533 3424 1823 3518 refertag
1874 3445 1955 3500 ut
1974 3476 1997 3517 ‚
2028 3425 2191 3498 dum
2214 3427 2339 3525 qui
2376 3427 2558 3501 inter
2588 3429 2689 3501 le-

211 3527 442 3603 &ores
468 3546 624 3602 tuos
650 3527 880 3601 minus
913 3521 1262 3599 emunctae
1297 3522 1454 3599 sunt
1493 3522 1673 3598 naris
1705 3523 1809 3596 nil
1830 3521 2107 3597 'subess'e
2134 3542 2376 3620 putant
2406 3579 2427 3614 ‚
2478 3523 2689 3596 ceteri

203 3624 587 3725 sagaciores
611 3621 771 3696 inde
794 3621 1092 3695 sentiant
1118 3619 1191 3694 in
1214 3617 1281 3694 se
1309 3621 1597 3694 excitari
1623 3621 1768 3712 eius
1789 3670 1816 3711 ‚
1864 3639 2019 3716 qua:
2042 3619 2115 3692 in
2138 3620 2341 3694 nobis
2362 3619 2690 3697 omnibus

211 3745 258 3796 a
291 3722 1035 3819 corruptione-naturae
1071 3718 1254 3792 intus
1277 3716 1484 3810 latet,
1525 3716 1682 3789 mali
1741 3717 1971 3791 nitatis
1991 3715 2341 3791 derisoriae
2366 3713 2693 3790 adversus

209 3817 494 3915 quosvis
513 3815 858 3916 principia
877 3870 906 3913 ,
933 3816 1030 3896 ita
1047 3835 1126 3893 ut
1148 3815 1222 3896 ὃς
1247 3815 1371 3927 vix
1401 3811 1656 3914 possint
1677 3837 1714 3885 a
1767 3813 2011 3893 stinere
2030 3813 2206 3913 quin
2226 3810 2387 3890 naso
2408 3809 2692 3983 sul-‘gen-

221 3975 232 3986 ·
1539 3934 1774 4010 PPPP
2574 3929 2695 3986 ²¹¹3
2738 3935 2754 3959 ⁸
