3552 4592
3084 22 3106 53 φ
3195 8 3198 11 Α

3024 94 3055 105 ,a

845 126 1006 233 640
1323 92 1917 203 Enisa-ota
1998 107 2134 203 Λή
2207 116 2871 206 Auca-oxus

847 268 1058 345 tionis
1073 266 1919 368 aegritudinediffimulata
1946 268 2216 355 viribus
2244 269 2543 368 propriis
2562 267 2807 344 confisi
2827 269 2915 345 ad
2936 270 3176 345 Deum
3196 289 3357 343 non

852 387 1226 442 recurrunt
1250 419 1273 455 ,
1323 390 1455 441 nec
1481 390 1690 463 opem
1717 368 1864 463 ejus
1894 369 2239 443 internam
2270 368 2735 465 deprecantur
2759 426 2783 462 ,
2830 368 2969 443 ess'e
2990 368 3203 441 rebus
3219 368 3367 463 spi-

852 465 1216 542 ritualibus
1243 462 1706 562 percipiendis
1735 464 2021 539 minime
2053 464 2367 539 idoneos.
2462 465 2665 562 Quid
2695 490 2869 540 vero
2902 464 3127 539 causae
3166 478 3319 537 erat
3338 510 3371 552 ,

855 588 984 635 cur
1017 586 1176 635 cum
1208 564 1447 635 inistis
1479 619 1500 653 ,
1549 561 1694 651 (vel
1727 586 1795 635 te
1830 562 2117 647 fatente)
2136 564 2236 636 nil
2266 556 2727 660 intelligam,
2757 571 2996 660 (prout
3022 560 3375 661 longeest

855 658 1390 747 certissimum,)
1445 660 1519 731 in
1556 658 1847 734 Socium
1876 679 2081 733 tuum
2124 678 2301 733 onus
2342 659 2618 733 articuli
2652 662 2841 734 istius
2880 656 3373 757 componendi

854 780 1006 829 non
1041 756 1458 829 devolveres
1484 758 1531 827 ?·
1562 757 1682 829 An
1705 754 2187 854 suspicandum
2212 757 2313 829 est
2336 778 2407 831 te
2437 757 2741 831 timuisse
2771 782 2858 831 ne
2886 756 3008 831 ille
3030 784 3159 855 pro
3186 776 3374 829 voto

863 860 993 929 tuo
1025 854 1190 927 satis·
1205 877 1345 931 non
1369 850 1684 927 irrideret
1703 903 1728 941 ‚
1755 854 1869 926 sed
1893 852 2417 927 commendaret
2430 856 2881 951 -potius‚·quae
2912 854 3041 927 tibi
3062 856 3158 929 ob
3178 876 3378 925 ama-

774 984 782 987 ·
860 974 971 1025 tos
1000 974 1266 1024 errores
1301 970 1497 1023 erant
1517 950 1692 1024 adeo
1718 951 1941 1024 invisa
1967 951 1997 1024 ?
2026 950 2195 1023 ‘Aut
2226 972 2394 1024 vero
2423 953 2647 1025 curin
2666 951 2909 1049 Opere
2930 978 3091 1026 meo
3116 952 3373 1049 legen-

862 1050 958 1123 do
989 1048 1060 1121 id
1087 1071 1229 1119 non
1253 1046 1630 1143 sequebaris
1653 1046 1846 1145 quod
1868 1046 2385 1134 inPraefatione
2402 1050 2747 1121 monitum
2770 1050 2899 1139 est,
2924 1071 3003 1121 ut
3026 1048 3079 1120 fi
3094 1049 3369 1144 quibus

855 1147 1011 1219 haec
1039 1143 1347 1219 difficilia
1369 1144 1774 1217 viderentur
1808 1202 1830 1237 ‚
1884 1144 1935 1218 ii
1980 1144 2069 1217 ab
2116 1145 2387 1219 ultimis
2416 1144 2614 1219 libris
2656 1146 2901 1220 ordine
2945 1146 3369 1243 retrogrado

859 1242 1238 1317 lechonem
1281 1241 1722 1317 instituerent
1753 1242 1782 1314 ?
1837 1239 1987 1315 Etfi
2014 1266 2207 1316 nunc
2232 1242 2658 1339 experientia
2684 1240 2975 1317 edoctus
2995 1299 3017 1334 ,
3046 1245 3255 1315 video
3278 1242 3365 1315 &

859 1338 1427 1415 commendatum
1453 1360 1696 1437 optem
1719 1340 1949 1413 minus
1975 1338 2535 1438 intelligentibus
2555 1388 2580 1427 ‚
2631 1362 2707 1413 ut
2730 1339 2819 1414 ab
2838 1339 3059 1413 altero
3086 1341 3201 1411 vel
3224 1360 3373 1412 ter-

733 1418 758 1503 J
862 1438 967 1511 tio
993 1437 1178 1511 libro
1211 1436 1620 1532 incipientes
1652 1456 1951 1536 pergant
1980 1435 2068 1509 ad
2097 1436 2638 1533 finem-Operi&
2673 1437 2745 1511 ἔ(
2769 1458 2945 1511 tunc
2966 1436 3261 1510 demum
3278 1435 3373 1507 ad

865 1532 1345 1632 praetermissos
1377 1530 1428 1605 fi
1461 1535 1535 1607 se·
1552 1536 1958 1638 accingant,
1974 1554 2126 1609 tuas
2146 1534 2231 1609 de
2262 1526 2691 1609 obscuritate
2718 1534 3035 1631 querelas
3055 1532 3197 1607 suis
3220 1556 3377 1609 non

867 1631 1458 1729 comprobabunt.
2198 1650 2201 1655 ·
2687 1633 2700 1642 “
2848 1700 2855 1705 .

963 1731 1232 1827 Neque
1261 1728 1494 1803 minus
1529 1727 1779 1803 frustra
1798 1748 1950 1804 tuas
1968 1724 2467 1827 suppreffiones
2498 1725 2779 1803 excusas
2804 1787 2827 1822 ,
2862 1749 3037 1803 ‘turn
3060 1728 3376 1825 paucita-

753 1816 764 1825 ’
865 1848 940 1902 te
971 1826 1404 1937 pagellarum
1447 1826 1807 1937 scriptioni
1847 1848 1989 1900 tuae
2020 1828 2509 1935 destinatarum
2530 1852 2557 1935 ἑ
2608 1828 2807 1936 quod
2842 1825 3047 1935 san—e,-
3100 1824 3151 1896 fi
3194 1822 3373 1923 quid
3486 1903 3502 1915 ‚

781 1946 784 1951 ·
863 1925 966 1999 est
993 1982 1016 2015 ,
1045 1923 1426 1997 ridiculum
1445 1948 1734 1998 omnino
1755 1924 1899 1998 est:
1940 1930 2061 2017 (ne
2086 1922 2308 1996 dicam
2344 1925 2789 2020 paucioribus
2803 1938 3084 2021 'paginis
3108 1922 3185 1995 &
3206 1922 3377 2019 plu-

864 2047 938 2097 ra
966 2020 1452 2119 &integriora
1481 2018 1756 2093 tractari
1788 2020 2079 2118 potuisse
2124 2078 2149 2113 ,
2216 2043 2349 2094 ceu
2381 2022 2875 2117 experimento
2916 2024 2991 2092 in
3036 2019 3377 2093 Novellis

865 2118 1082 2214 Reip.
1113 2116 1433 2189 literariae
1453 2114 1665 2191 fidem
1692 2116 1828 2191 feci
1856 2123 1919 2205 ς)
1972 2138 2130 2191 tum
2152 2119 2677 2192 annumerando
2706 2144 2825 2192 eos
2844 2114 3079 2215 quide
3100 2138 3173 2190 te
3192 2139 3373 2192 con·

861 2216 1059 2314 queri
1089 2214 1363 2312 poss'ent
1389 2270 1410 2304 ,
1463 2214 1640 2318 inter
1665 2218 1927 2287 eruditos
1957 2214 2262 2287 inhabiles
2286 2264 2315 2306 ,
2362 2218 2558 2286 literis
2585 2264 2623 2307 ,·
2654 2218 2903 2287 [cellone
2926 2264 2951 2304 ,
3000 2222 3235 2286 notitia
3260 2240 3365 2285 re-

861 2341 998 2386 rum
1023 2315 1230 2384 mundi
1266 2308 1575 2400 destitutos
1604 2368 1628 2402 ‚
1677 2315 1863 2383 aliter
1887 2319 2161 2410 opinione
2181 2317 2303 2406 fica
2334 2338 2413 2381 ac
2447 2320 2639 2384 ceteri
2657 2319 2994 2407 cogitantes
3022 2369 3047 2404 ,
3100 2317 3187 2390 ό·
3202 2319 3371 2384 ἰηπα-

849 2417 1080 2509 ginata
1097 2411 1214 2504 fica
1249 2411 1447 2479 veluti
1473 2413 1704 2480 lumina
1723 2403 1850 2500 fibi
1866 2411 2019 2504 solis
2060 2434 2106 2482 c
2122 2434 2169 2482 o
2190 2433 2235 2482 E
2254 2433 2303 2480 L
2320 2434 2347 2480 1
2366 2433 2415 2480 'r
2432 2433 2479 2482 U
2497 2433 2531 2480 s
2554 2413 2775 2506 infusa·
2788 2409 3109 2482 habentes.
3162 2407 3359 2505 Quae

865 2507 1104 2580 omnia
1153 2502 1413 2578 etiamsi
1459 2528 1619 2578 vera
1644 2505 1918 2593 effent-,·
1952 2506 2125 2579 nihil
2168 2528 2397 2579 tamen
2422 2507 2507 2579 ad
2537 2530 2681 2578 rem
2718 2503 3025 2582 faciunt:
3064 2531 3213 2580 non
3228 2505 3365 2578 mi-

869 2628 1000 2680 nus
1023 2602 1210 2677 enim
1236 2601 1480 2681 talium
1519 2600 1766 2702 scripta
1796 2602 2101 2677 fideliter
2140 2605 2218 2680 &
2254 2601 2395 2676 fine
2426 2602 2951 2685 detruncatione
2984 2603 3145 2676 sunt
3180 2601 3363 2676 refe·

863 2700 1076 2775 renda
1108 2758 1131 2791 ,
1183 2722 1388 2796 quam
1430 2696 1681 2797 scripta
1715 2697 2295 2773 Doffiffimorum
2332 2697 2765 2776 Criticorum
2814 2700 2936 2800 qui
2980 2695 3217 2774 omnia
3252 2699 3361 2772 le-

859 2816 1122 2895 gerunt
1166 2795 1476 2904 exeeptis
1528 2797 1612 2869 iis
1642 2819 1801 2894 quae
1836 2796 2070 2896 legere
2090 2797 2544 2907 oportuiffet;
2592 2800 2667 2872 &
2692 2799 2819 2894 qui
2839 2798 3077 2871 omnia
3092 2795 3359 2890 sciunt,

793 2905 800 2912 ’
865 2893 1180 2990 exceptis
1215 2895 1295 2966 iis
1317 2916 1474 2990 qua:
1504 2891 1678 2968 scire
1709 2914 2107 2990 oporteret;
2134 2917 2392 2990 quique
2423 2893 2549 2992 ipsi
2568 2919 2843 2970 errores
2862 2893 3016 2969 suos
3036 2894 3359 2967 Socinia·

448 2969 462 2978 δ
523 3019 598 3096 μ)
624 3023 836 3082 Entret.
871 3017 996 3066 nos
1021 3041 1046 3082 ‚
1094 2987 1428 3086 valdeque
1453 2985 1762 3064 exitiales
1792 3037 1815 3078 ,
1864 2991 2217 3088 appellant
2244 2989 2336 3077 (a)
2357 2994 2587 3062 lumem
2618 2991 2734 3084 fibi
2767 3019 2809 3060 a
2842 2995 2981 3062 Deo
3016 2994 3181 3062 dau
3203 3039 3232 3080 ‚
3278 2993 3359 3066 δί

486 3118 616 3181 pag.
649 3121 712 3174 ¹9
729 3121 776 3160 ι.
864 3091 1272 3190 admirabilia
1297 3091 1499 3158 media
1523 3087 1732 3196 quibus
1749 3091 2149 3184 providentia
2175 3093 2308 3158 Dei
2331 3094 2523 3160 utitur
2544 3091 2633 3158 ad
2655 3091 2809 3160 alios
2828 3087 2913 3158 ab
2932 3087 3243 3160 erroribus
3262 3117 3363 3160 re·

487 3183 544 3236 lc
573 3197 704 3245 204.

871 3187 1207 3260 vocandos.
1303 3183 1520 3280 Quod
1553 3208 1665 3256 me
1703 3205 1889 3258 inter
1914 3185 2144 3260 minus
2184 3183 2495 3258 eruditos
2536 3182 2649 3257 hic
2678 3183 3083 3274 subinnuiS,
3112 3183 3185 3257 id
3217 3210 3363 3262 non

869 3282 1086 3379 modo
1117 3304 1258 3356 non
1283 3281 1653 3379 displicet3
1709 3281 1823 3354 sed
1859 3283 1935 3356 &
1960 3307 2121 3356 vere
2148 3283 2223 3356 δε
2263 3279 2519 3354 fincere
2538 3280 2843 3380 agnosco
2870 3307 2951 3355 ac
2982 3281 3359 3378 profiteor,

871 3407 986 3456 me
1019 3377 1276 3452 Solidae
1307 3378 1740 3452 Eruditionis
1773 3377 2077 3451 necdum
2096 3402 2341 3451 verum
2367 3378 2597 3452 adhuc
2622 3378 2725 3452 uti
2757 3378 2965 3452 decet
2986 3377 3123 3451 effi:
3158 3379 3365 3466 disci·

871 3478 1123 3576 pulum
1152 3503 1169 3548 ε
1222 3472 1440 3548 solum
1478 3497 1558 3550 ut
1605 3501 1644 3548 a
1687 3474 2249 3550 miserationibus
2276 3477 2353 3550 &
2382 3477 2607 3575 gratia
2636 3475 2777 3549 Dei
2802 3477 2885 3546 ad
2914 3474 3103 3550 illius
3122 3481 3365 3554 reram

868 3572 1294 3671 disciplinam
1322 3595 1669 3668 praeparer
1697 3574 1768 3646 &
1798 3572 2088 3646 affumar
2110 3629 2134 3664 ‚
2168 3573 2379 3646 enixe
2406 3572 2735 3670 precibus
2760 3573 3193 3648 contendere
3216 3575 3369 3648 ani-

869 3685 1028 3746 mu's
1053 3671 1182 3745 est.
1273 3670 1760 3744 Eruditionem
1790 3690 2023 3743 autem
2052 3690 2238 3744 tuam
2270 3719 2295 3758 ‚
2344 3671 2984 3769 omni-exceptione
3008 3719 3037 3760 ,
3088 3669 3373 3746 senten-

871 3769 968 3842 tia
997 3767 1283 3867 quidem
1319 3787 1441 3841 tua
1467 3769 1796 3858 majorem
1824 3825 1849 3858 ‚
1898 3767 2029 3841 tibi
2066 3793 2215 3841 non
2257 3768 2559 3842 invideo.
2654 3767 3007 3866 Equidem
3056 3769 3237 3867 quid
3272 3769 3363 3842 de

861 3887 950 3943 ea
971 3865 1260 3942 sentiam
1285 3919 1308 3958 ,
1342 3865 1488 3964 jam
1520 3852 1617 3940 nil
1653 3890 1833 3962 opus
1862 3865 1964 3940 est
2003 3890 2117 3940 me
2165 3866 2282 3940 hic
2314 3863 2581 3943 edicere
2612 3897 2637 3954 5
2688 3887 2759 3942 at
2792 3889 3045 3965 precor
3082 3861 3357 3940 tantum

3068 3963 3306 4039 Deum
3324 4018 3350 4056 ,
