3552 4592
823 135 1010 249 „548
1466 121 1555 211 'E
1643 158 1713 239 ,ξ
1826 154 1859 211 1
1976 91 2186 223 8 Τ
2294 64 2396 207 Οῤ
2467 149 2518 205 ι
2578 116 2689 209 {A

851 324 904 367 „
923 270 1229 373 aliasque
1253 272 1692 375 poenitentiae
1713 272 2189 351 afflictationes
2214 325 2238 361 ‚
2286 294 2561 365 carnem
2582 268 2878 368 spiritui
2906 270 3343 371 subjiciebat.

855 428 916 479 2,
935 374 1166 447 Porro
1199 396 1324 468 per
1353 372 1687 469 plurimas
1715 372 1789 446 &
1819 370 2163 449 notabiles
2198 368 2467 443 inimici
2505 372 2953 461 tentationes,
3004 398 3133 468 per
3168 375 3349 449 viri..

849 514 905 561 ,‚
930 470 1073 542 lem
1108 468 1450 543 renixum·
1479 527 1504 561 ,
1578 495 1703 566 per
1750 489 2011 545 mortes
2054 491 2200 541 non
2244 489 2488 562 paucas
2528 464 2911 561 spirituales
2946 493 3345 568 earumque

849 614 905 657 ,‚
925 564 1458 652 amaritudines,
1489 566 1564 641 &
1595 592 1718 663 per
1741 563 2231 651 ardentiflimas
2250 586 2525 659 preces,
2550 565 2793 661 gratiae
2828 564 3114 644 Divinae
3134 570 3350 643 auxi-

855 663 1027 755 „lio
1055 660 1432 736 affestuum
1467 664 1541 737 &
1573 663 2037 737 tentationum
2068 660 2329 735 fluctus
2370 683 2531 731 com
2622 657 2799 733 scuit
2836 712 2861 747 ,
2922 661 3069 736 imo
3105 666 3291 738 vicit
3312 722 3343 758 ,

857 807 912 851 „
937 757 1172 856 sicque
1207 758 1506 857 insignes
1537 761 1885 833 virtutum
1925 757 2267 835 thesauros
2306 754 2511 853 acqui
2540 758 2697 829 ivit.
2786 752 3053 856 Saepius
3084 758 3349 835 deinde

855 903 912 949 ‚,
936 858 1182 929 mentis
1213 854 1348 927 suae
1379 856 1806 931 commercio
1835 881 2001 929 cum
2032 855 2191 929 Deo
2220 854 2393 927 adeo
2422 853 2964 947 immorabatur,
3006 877 3089 929 ut
3118 883 3353 957 nego-

858 1000 914 1043 ,‚
937 951 1032 1025 tia
1059 953 1436 1026 domestica
1468 1009 1493 1044 ,
1545 974 1819 1051 tempus
1844 951 2139 1051 quietiS‚
2176 972 2256 1023 ac
2286 947 2551 1045 reliqua
2568 946 3113 1027 oblivisceretur.
3162 958 3351 1029 Per·

859 1098 918 1145 „
937 1071 1148 1146 petua
1179 1048 1532 1147 cordissui
1569 1050 1881 1125 custodia
1914 1049 1999 1121 ad
2044 1046 2447 1125 servandam
2478 1045 2627 1149 ejus
2654 1049 3023 1143 puritatem
3048 1098 3077 1139 ‚
3128 1050 3349 1125 facie-

859 1146 1041 1238 „bat
1079 1168 1160 1218 ut
1207 1146 1470 1219 lumine
1520 1148 1595 1221 &
1647 1146 1909 1246 g'audio
1964 1144 2214 1219 divino
2260 1163 2400 1216 tam
2452 1140 2619 1217 ess'et
2664 1142 2928 1239 plena,
2978 1167 3061 1224 ut
3108 1170 3349 1223 cetera

853 1238 1166 1341 „omnia
1214 1266 1254 1313 e
1309 1265 1542 1318 mente
1590 1246 1734 1335 ejus
1788 1238 2293 1315 evanescerent.
2410 1240 2610 1334 Sicut
2658 1264 2899 1313 aui-um
2952 1243 3119 1340 igne
3158 1298 3181 1332 ,
3248 1244 3351 1319 fic

860 1338 1046 1429 „illa
1077 1338 1150 1411 in
1186 1338 1548 1413 crucibulo
1585 1338 2043 1413 afflietionum
2083 1396 2108 1430 ,
2157 1334 2555 1410 contemtus
2589 1389 2613 1423 ‚
2658 1336 2733 1409 &
2772 1337 3351 1433 persecutionum

859 1484 915 1533 2,
940 1458 1076 1509 tam
1131 1463 1170 1507 a
1219 1434 1492 1509 devotis
1527 1462 1734 1534 quam
1788 1435 1827 1509 a
1879 1429 2563 1529 mundanis'probata
2602 1428 2747 1519 est3
2796 1455 3003 1531 atque
3040 1457 3191 1512 tum
3226 1438 3355 1512 illa

855 1580 912 1625 ‚‚
937 1532 1274 1631 perpetim
1314 1558 1548 1627 preces
1601 1530 1939 1605 fundebat
1982 1590 2004 1625 ,
2070 1528 2470 1603 constanter
2519 1526 2879 1623 persistens
2928 1532 3003 1607 in
3046 1536 3354 1611 occulto

865 1678 918 1721 „
938 1628 1213 1702 tramite
1243 1629 1318 1700 in
1345 1653 1553 1725 quem
1592 1628 1807 1727 ipsam
1838 1628 2135 1701 duxerat
2166 1627 2360 1700 Deus
2390 1678 2411 1712 ,
2459 1622 2727 1721 semper
2764 1627 3066 1727 benigna.
3088 1689 3115 1725 ,
3164 1629 3361 1704 sem-

819 1785 823 1789 .
867 1748 1062 1823 „per
1104 1728 1319 1799 comis
1347 1782 1370 1817 ,
1423 1740 1774 1823 nunquam
1820 1750 1967 1799 non
2012 1726 2165 1799 laeta
2198 1780 2221 1817 ,
2288 1722 2361 1795 &
2396 1721 2638 1793 Deum
2662 1747 2881 1798 ‚omns
2924 1752 3053 1822 pro
3092 1728 3175 1801 iis
3214 1731 3355 1827 qui

871 1821 1158 1919 „ipsam
1217 1820 1644 1921 affligebant.
1765 1818 1993 1899 ,Solus
2045 1820 2161 1893 ille
2218 1820 2417 1893 Deus
2468 1816 2901 1899 internorum
2952 1823 3294 1899 dolorum
3326 1874 3394 1916 ,-

873 1921 928 2011 '‚,
1005 1912 1132 1995 u'os
1165 1914 1261 1991 ob
1293 1916 1803 1994 aberrationem
1840 1916 2239 1991 mortalium
2278 1910 2767 1989 &animarum
2820 1918 3183 1993 interitum
3232 1922 3365 1996 iun

824 2017 928 2110 .;,
975 2011 1142 2089 en'fit
1174 2068 1196 2101 ,
1256 2014 1700 2101 acerbitatem
1755 2016 2119 2112 pernovit„
2195 2011 2543 2108 Quotidie
2584 2010 2985 2106 pascebatur
3023 2016 3365 2115 Corpore

857 2162 916 2207 „
939 2111 1204 2187 Christi
1230 2168 1255 2202 ,
1307 2112 1544 2187 innixa
1577 2109 1913 2186 desiderio
1945 2112 2019 2187 &
2051 2108 2310 2183 meritis
2343 2106 2573 2180 Amati
2604 2106 2751 2196 sui3
2798 2112 3171 2213 omniaque
3196 2116 3365 2213 ejus

870 2209 1267 2299 „exercitia
1301 2208 1472 2281 illuc
1508 2208 1730 2281 solum
1766 2205 2143 2281 tendebant
2174 2257 2199 2294 ‚
2250 2226 2333 2279 ut
2376 2202 2725 2279 Divinum
2753 2206 3053 2289 Numen
3092 2212 3169 2285 in
3210 2210 3363 2308 ipsa

869 2308 1568 2417 ‚,gloriam‚pacem‚
1619 2305 2054 2402 voluptatem
2088 2303 2163 2376 &
2196 2299 2783 2386 oble&amentum
2836 2304 3145 2382 invenire
3192 2309 3364 2404 pos·

863 2411 1035 2496 „iet
1067 2429 1086 2492 3
1137 2401 1206 2473 id
1234 2404 1426 2499 quod
1469 2399 1729 2478 iterum
1766 2400 2163 2502 iterumque
2198 2395 2557 2498 repetebat
2582 2445 2607 2496 2
2658 2399 2803 2472 imo
2830 2400 3125 2478 instante
3154 2429 3363 2482 mor-

863 2549 918 2596 „
939 2500 1026 2575 tis
1055 2499 1191 2574 suae
1222 2499 1394 2574 hora
1421 2497 1506 2574 ad
1531 2501 1770 2573 Deum
1804 2498 1939 2574 sese
1960 2509 2435 2596 convertens-3
2480 2494 2574 2570 sic
2589 2497 3053 2582 exclamabat:
3104 2507 3171 2573 Ο
3206 2506 3365 2573 De-

873 2607 1103 2690 „mine
1126 2654 1148 2690 ‚
1199 2605 1437 2669 utinam
1463 2597 1760 2694 gaudium
1791 2592 2109 2683 j'utitt'am
2134 2590 2371 2698 pacem·
2388 2646 2411 2679 ,
2482 2609 2578 2665 <9³
2614 2593 3107 2671 obleffaemmm
3146 2607 3223 2672 in
3248 2603 3365 2672 m&

870 2743 923 2784 ,‚
946 2691 1201 2792 capias!
1256 2692 1512 2790 quibus
1547 2691 1768 2767 verbis
1812 2692 2122 2790 spiritum
2168 2689 2371 2766 suum
2413 2687 2706 2762 suaviter
2750 2692 2916 2764 Deo
2950 2693 3073 2764 suo
3124 2701 3153 2784 (
3176 2719 3357 2770 cum

878 2817 1091 2888 „quo
1143 2792 1290 2888 jam
1337 2789 1530 2862 unita
1581 2788 1772 2875 erat)
1824 2787 2151 2864 reddebat
2206 2786 2321 2868 die,
2376 2783 2503 2860 28.
2538 2785 2850 2878 januarii
2883 2813 3071 2864 anno
3120 2813 3357 2889 1540.

868 2936 918 2976 ,‚
941 2890 1171 2986 Virgo
1208 2885 1640 2984 septuaginta
1674 2883 1935 2984 septem
1974 2909 2188 2966 annos
2226 2903 2406 2957 nata.
2524 2939 2541 2958 f

983 2985 1321 3080 Quamvis
1362 2981 1662 3078 ejusdem
1695 2979 1911 3055 Liber
1950 2979 2127 3078 saepe
2157 2980 2235 3053 in
2264 2979 2487 3054 lucem
2516 2979 2731 3076 fuerit
2762 2980 3037 3058 emiffus
3056 3033 3079 3068 ,
3112 3002 3359 3060 tamen

873 3107 1066 3158 nunc
1094 3071 1248 3152 iaro
1279 3075 1431 3152 satis
1461 3079 1788 3152 occurrit.
1882 3077 2150 3156 Ultima
2174 3075 2393 3152 editio
2418 3077 2719 3178 Belgica
2748 3078 3013 3175 prodiit
3036 3082 3360 3164 Atimet-

871 3169 884 3178 ’
923 3182 1006 3253 iae
1035 3183 1216 3250 anno
1258 3177 1472 3274 1629.
1529 3175 1770 3274 Atque
1802 3175 1952 3252 haec
1992 3174 2310 3274 omnium
2350 3172 2448 3247 est
2494 3175 2569 3250 δε
2610 3171 2999 3248 nitidiffima
3048 3178 3125 3250 &
3174 3175 3357 3254 fide-

905 3275 1140 3350 iffima.
1237 3273 1502 3346 Nescio
1539 3300 1628 3346 an
1674 3271 2005 3346 idiomate
2044 3268 2329 3380 Gauico
2368 3271 2783 3370 elegantiori
2831 3275 3303 3366 comparuerit
3326 3333 3359 3372 ‚

869 3376 1093 3472 'quum
1133 3369 1376 3467 piioris
1404 3370 1728 3442 editionis
1757 3369 1815 3440 st
1872 3366 2133 3464 lusjam
2170 3365 2530 3442 inusitatus
2559 3363 2642 3440 fit
2668 3368 2743 3440 &
2764 3366 3145 3442 obsoletus.

1052 3468 1160 3541 uia
1197 3464 1372 3538 liber
1402 3464 1524 3538 iste
1561 3491 1704 3538 non
1734 3394 1961 3550 solum
1996 3463 2207 3561 vitam
2242 3459 2558 3561 paffivam
2598 3465 2675 3538 &
2705 3465 3363 3562 contemplativam,

870 3565 983 3642 sed
1099 3581 1280 3661 ‘quae
1313 3559 1393 3634 ad
1429 3563 1642 3634 vitam
1670 3561 1969 3636 affivam
2006 3562 2080 3634 &
2110 3558 2460 3658 asceticam
2486 3559 2643 3634 sunt
2664 3561 3361 3659 ,complectitur-‚ad

872 3661 1080 3762 quam
1105 3659 1387 3758 quidem
1420 3660 1656 3754 plures
1671 3682 1879 3757 quam
1916 3654 2000 3733 ad
2027 3657 2309 3741 alteiam
2338 3657 2499 3730 sunt·
2523 3653 2887 3748 idonei,&
2918 3659 3009 3730 de
3030 3684 3173 3756 qua
3194 3661 3363 3758 plu.-

873 3787 980 3834 res
1015 3782 1298 3858 quoque
1335 3753 1680 3828 Auctor-es
1712 3771 2015 3854 egerunt
2049 3779 2258 3850 quam
2300 3754 2389 3826 de
2422 3753 2667 3838 alter-23
2722 3754 2889 3828 hinc
2914 3781 2953 3828 a
2994 3757 3363 3856 propofito

873 3857 1112 3932 nostro
1154 3853 1336 3930 haud
1366 3851 1502 3926 erit·
1531 3851 2095 3944 alienum‚hacce
2128 3848 2489 3927 occafione
2520 3848 2853 3948 quosdam
2883 3848 3169 3928 illorum
3202 3858 3363 3937 Aua

3064 3942 3355 4034 ἀοι-ὅθι
