3552 4592
423 141 436 154 ’
511 157 640 246 De
675 157 1140 250 Auri‘mbus
1177 157 1526 275 Mfflicis.
1593 162 1764 250 IX.
1828 175 1893 254 §-
1927 188 2067 269 40t
2118 189 2246 271 41.
2510 187 2665 274 525
2760 227 2803 264 .

34 297 37 364 l
175 306 362 402 plius
395 322 728 378 curantur
755 305 1200 378 contumelia:
1239 307 1312 379 &
1347 307 1686 381 irrisiones
1710 305 2016 405 profana:
2046 329 2213 405 quas
2231 304 2481 378 Critici
2512 310 2668 404 qui-

181 404 334 478 dam
365 399 742 488 temere'in
770 425 931 475 eum
963 399 1364 476 effiiderunt
1391 459 1414 495 ‚
1467 405 1572 496 (a)
1601 405 1746 477 imo
1781 404 2000 500 ipsum
2040 428 2170 479 ceu
2208 403 2661 503 impostorem
2737 430 2807 505 (a)
2830 431 2987 491 mon-

188 505 256 576 &
290 500 692 573 fabularum
719 521 1134 574 narratorem
1156 498 1450 573 tractare
1480 497 1620 574 aufi
1662 499 1839 574 sunt.
1892 503 2174 575 Etenim
2197 521 2483 588 contra,
2512 519 2669 574 tan-
2704 507 2903 578 deum,
2924 525 3049 576 erc·

231 621 390 670 uam
405 594 803 672 'merorem
833 597 1138 669 maxime
1171 619 1453 696 gravem
1489 598 1562 672 δε
1585 597 2081 695 Apostolicum
2116 651 2139 686 ,
2188 595 2487 670 eundem
2522 623 2669 672 non

215 695 394 768 emel
431 693 560 764 sub
591 691 914 766 incudem
935 713 1352 767 revocarunt
1395 693 1758 768 sedatiores
1794 694 2063 770 Parifiis
2089 741 2115 784 ‚
2165 694 2477 770 Oxoniae
2518 752 2540 786 ‚
2594 697 2670 772 &

189 793 581 889 nuperrime
611 789 841 862 adhuc
891 789 1301 887 Antuerpiae
1336 847 1361 882 ,
1428 790 1564 864 five
1611 791 1843 865 verius
1894 791 2401 864 Amstelodami
2450 796 2667 867 Anno

195 913 410 986 1700.
465 885 592 960 ubi
623 887 807 959 inter
839 893 1056 958 Patres
1093 891 1469 984 Apostolicos
1507 887 1815 984 primum
1866 911 1904 960 a
1956 891 2030 963 S.
2068 887 2373 962 Barnaba
2424 889 2667 964 locum
2732 883 2958 969 Patres,
3001 959 3011 972 .

183 987 488 1060 obtinuit
522 1009 540 1056 τ
591 986 857 1078 semper
887 1002 1118 1056 tamen
1157 983 1422 1058 Latino
1460 985 1678 1058 idiom
1721 1005 1793 1057 te
1833 1011 1851 1057 :
1920 985 2261 1060 Graecum
2299 985 2483 1056 enim
2522 986 2668 1058 ori·
2706 955 3038 1035 AP⁰st⁰¹¹⁶¹·

233 1083 408 1156 inale
431 1081 734 1156 interiit.
787 1080 1073 1180 Belgice
1090 1104 1378 1178 quoque
1402 1079 1676 1156 versum
1788 1081 2173 1178 impressum
2194 1085 2409 1156 Anno
2444 1107 2470 1154 1
2488 1082 2663 1180 687.

185 1106 544 1274 fissmus.
637 1178 926 1250 Interim
966 1177 1040 1251 in
1077 1201 1260 1250 nova
1289 1177 1626 1252 Editione
1658 1179 1793 1251 Gr.
1828 1177 1989 1251 Lat.
2034 1175 2373 1274 Lipfienfi
2406 1186 2663 1254 Parrum

185 1279 656 1375 Apostolicorum
677 1276 942 1371 exiguo
965 1273 1326 1351 volumine
1349 1332 1372 1366 ,
1425 1275 1609 1348 haud
1635 1274 2041 1348 dubitarunt
2077 1277 2267 1348 hunc
2299 1277 2663 1367 omittere,

187 1372 346 1446 ficut
372 1373 450 1447 δε
491 1370 873 1468 Epistolam
899 1373 973 1447 S.
1001 1375 1061 1444 B
1081 1393 1133 1442 A
1154 1395 1207 1444 R
1225 1395 1280 1444 N
1302 1394 1354 1442 A
1371 1397 1416 1444 n
1436 1396 1508 1443 AE
1531 1372 1628 1463 (b)
1657 1421 1678 1462 ,
1715 1396 1859 1445 non
1882 1373 2113 1447 minus
2131 1373 2411 1446 solidam
2423 1393 2657 1470 ,quam
2736 1392 2785 1446 s.
2810 1395 3015 1452 Barna.

183 1470 566 1568 allegoricis
581 1468 958 1566 .Mysteriis
983 1467 1300 1544 refertam
1326 1518 1350 1559 ,
1385 1467 1565 1541 forte
1597 1469 1760 1565 quia
1790 1469 2297 1544 nonnullorum
2326 1469 2659 1544 stomachi
2698 1463 2821 1525 bas.

34 1633 37 1646 .
183 1567 564 1641 eorundem
594 1585 928 1639 contenta
953 1564 1070 1639 vel
1099 1566 1440 1664 quicquid
1465 1564 1754 1640 visiones
1785 1568 1860 1652 ὃ(
1892 1566 2251 1668 allegorias
2274 1566 2443 1666 sapit
2462 1625 2489 1659 ‚
2518 1591 2658 1666 gu-

47 1669 60 1678 ’
185 1665 344 1738 stare
363 1664 472 1739 vel
497 1664 818 1761 digerere
847 1661 1186 1736 nesciunt.
1583 1685 1592 1692 ’
1826 1656 1844 1672 ’

265 1765 442 1860 (41.)
491 1760 644 1856 Qui
679 1759 952 1856 Scripta
979 1763 1216 1834 rec‘ens
1249 1758 1436 1832 edita
1455 1761 1814 1834 Matronae
1844 1761 2165 1860 Anglicae
2185 1811 2210 1850 ‚
2308 1787 2418 1836 uae
2449 1785 2657 1834 voca-
2764 1785 2821 1860 §-
2838 1779 2978 1875 412

183 1875 290 1931 tur
332 1859 436 1952 Jo
459 1879 510 1929 A
529 1879 586 1928 N
605 1878 662 1928 N
683 1880 739 1928 A
797 1853 868 1928 L
885 1881 930 1927 E
952 1880 1002 1930 A
1021 1882 1074 1929 D
1099 1879 1148 1928 A
1171 1905 1196 1945 ‚
1243 1857 1698 1945 evolverunt,
1729 1857 1893 1929 talia
1914 1857 2178 1954 deipsis
2201 1907 2226 1946 ,
2261 1787 2337 1931 gt
2355 1861 2647 1955 quidem
2722 1871 2941 1939 joanna

53 2019 62 2035 ‚
135 2047 140 2056 Ι
181 1974 322 2027 cum
351 1953 820 2028 fundamento
844 1977 922 2026 ac
959 1953 1276 2041 veritate,
1297 1953 1631 2026 testantur
1655 2002 1680 2041 ‚
1745 1979 1903 2048 quae
1942 1955 2239 2027 eundem
2282 1977 2445 2026 cum
2482 1981 2649 2028 mox
2694 1947 2895 2004 Leade.

183 2050 502 2148 praediao
523 2052 934 2125 charaflerem
953 2049 1292 2124 denotant
1313 2079 1336 2132 3
1363 2048 1696 2122 nimirum
1727 2049 2000 2122 abunde
2031 2051 2124 2122 ibi
2144 2050 2409 2124 exstare
2430 2054 2661 2126 omnis
2724 2059 3012 2120 Charabler.

185 2151 431 2244 generis
467 2166 816 2244 praecepta
843 2147 1208 2220 &lumina
1237 2144 1554 2224 salutaria
1588 2203 1610 2236 ‚
1661 2166 1740 2218 ut
1780 2149 1853 2221 &
1900 2146 2168 2221 divinas
2196 2149 2655 2223 revelationes

186 2247 262 2319 de
285 2247 602 2342 proxima
631 2241 1045 2319 Christianae
1077 2241 1407 2317 Ecclesiae
1435 2243 1930 2318 instauratione
1964 2269 2089 2343 per
2131 2246 2651 2321 renovationem

183 2344 330 2417 vitae
346 2347 416 2418 &
431 2342 736 2441 Spiritus
755 2339 914 2435 Jesu
927 2340 1216 2428 Christi,
1231 2342 1304 2415 δί
1321 2340 1941 2415 manifestationem
1966 2341 2389 2415 mirabilium
2408 2343 2651 2441 Regni

189 2438 339 2531 ejus.
391 2442 493 2515 Et
523 2439 648 2535 qui
670 2439 764 2513 ita
795 2439 881 2511 de
915 2438 1206 2535 Scriptis
1243 2436 1388 2511 istis
1422 2437 1774 2524 sentiunt,
1809 2440 2215 2535 neutiquam
2244 2438 2399 2511 sunt
2427 2443 2653 2513 minus
2716 2526 2725 2534 ,

291 2536 734 2635 spicaces,vel
759 2536 992 2632 pauci-s
1007 2538 1074 2633 in
1095 2536 1292 2623 lociS,
1305 2537 1419 2607 vel
1441 2537 1706 2633 exiguo
1733 2558 2058 2608 numero,
2196 2537 2541 2632 uicunque
2562 2560 2654 2610 ex

211 2635 400 2730 eipso
425 2634 518 2705 de
548 2632 780 2707 iisdem
799 2632 1110 2730 judicare
1126 2630 1313 2705 volet
1340 2688 1361 2722 ‚
1383 2630 1828 2705 solummodo
1858 2632 2039 2729 legat
2056 2652 2157 2705 tra
2236 2654 2387 2705 atus
2410 2630 2649 2731 ipfiuS,

183 2736 376 2803 Nubes
413 2732 682 2823 Coelestes
701 2788 728 2819 ‚
779 2738 910 2799 Sex
953 2732 1252 2822 Mysticos
1285 2728 1554 2799 Libellos
1576 2776 1604 2817 ,
1648 2733 2103 2801 Revelationem
2138 2734 2604 2800 Revelationum
2622 2778 2653 2819 ,

187 2848 328 2924 quae
359 2850 626 2927 partem
658 2825 1176 2924 Apocalypseos
1211 2884 1230 2915 ,
1284 2824 1542 2898 scilicet
1587 2823 1674 2897 de
1719 2822 1975 2923 septem
2020 2823 2257 2925 figulis
2286 2874 2310 2915 ,
2379 2823 2641 2920 septem

185 2925 540 3001 tonitribus
572 2980 597 3017 ‚
649 2924 736 2996 de
764 2922 1075 3022 glorioso
1109 2920 1268 3017 Jesu
1293 2921 1562 2995 Christi
1585 2922 1857 3030 Rssgno
1880 2976 1899 3009 ‚
1923 2921 2261 2997 methodo
2283 2944 2373 2994 ex
2399 2920 2654 2995 intimo

185 3018 386 3099 fundo
412 3022 840 3121 procedente
869 3021 1160 3117 exponit
1189 3046 1203 3091 ε
1262 3020 1446 3115 legat
1470 3021 1544 3093 &
1573 3020 1883 3114 ejusdem
1916 3019 2048 3091 tria
2062 3025 2302 3091 Diaria
2324 3014 2465 3091 five
2484 3026 2654 3090 Fon-

181 3140 288 3187 tem
318 3127 516 3191 Horti
537 3177 562 3209 ‚
613 3138 708 3193 <9¹⁸
739 3121 1031 3217 quosdam
1049 3118 1249 3188 adhuc
1281 3122 1434 3185 altos
1458 3172 1483 3207 ‚
1537 3115 1714 3187 haud
1759 3116 1853 3188 ita
1881 3114 2149 3211 pridem
2181 3136 2419 3189 omnes
2445 3113 2652 3190 Lon-

185 3214 314 3289 dini
338 3216 646 3328 Anglice
679 3271 701 3305 ‚
753 3216 827 3288 &
863 3213 951 3287 ab
989 3236 1174 3287 anno
1215 3214 1438 3309 1694.
1493 3210 1989 3285 Amstelodami
2043 3212 2475 3285 Germanice
2502 3214 2651 3285 edi-

185 3330 285 3386 tos
313 3372 334 3405 ,
377 3314 502 3387 ubi
531 3312 798 3411 primus
839 3313 914 3386 δε
943 3310 1190 3383 tertius
1217 3309 1547 3384 tra&atus
1581 3309 1791 3382 etiam
1822 3308 2109 3407 Belgice
2160 3314 2275 3395 (c)
2316 3308 2384 3379 in
2411 3308 2642 3382 lucem
2720 3296 2784 3371 (ί)
2809 3298 3035 3389 flagiti,

185 3410 626 3505 prodierunt;
671 3429 743 3481 at
781 3406 1012 3482 nullus
1040 3404 1322 3503 quidem
1367 3403 1724 3501 hucusque
1755 3404 2055 3480 Gallice.
2147 3405 2425 3497 Primus
2476 3404 2595 3479 ille
2621 3467 2644 3502 ‚
2681 3386 3024 3514 &tietwin-

189 3505 394 3582 dietus
417 3506 637 3579 Nubes
659 3504 914 3595 caelestes
939 3554 968 3593 ‚
1016 3505 1174 3599 quia
1196 3500 1515 3576 describit
1537 3504 2111 3601 praeparationem
2134 3526 2212 3575 ac
2239 3500 2485 3573 statum
2522 3528 2647 3575 eo·
2680 3490 2955 3587 venium}

191 3624 322 3675 mm
347 3605 600 3703 quibus
629 3602 735 3674 uti
771 3603 931 3675 vult
974 3603 1169 3674 Deus
1215 3622 1541 3697 tanquam
1571 3598 1871 3673 nubibus
1908 3598 2299 3691 coelestibus
2333 3594 2415 3667 ad
2450 3622 2645 3671 com·
2680 3605 2994 3693 nadwet-

183 3722 210 3771 r
305 3702 653 3777 noandum
683 3723 848 3773 cum
881 3696 1289 3777 hominibus
1330 3695 1604 3770 cunstis
1641 3696 2121 3773 universaliori
2154 3692 2369 3767 modo
2400 3692 2645 3771 saluta·
2682 3678 2979 3819 fffi‘ffibae

1443 3818 1492 3869 v
1517 3818 1564 3869 v
1585 3816 1627 3865 v
1685 3810 1728 3895 3
2497 3820 2653 3886 rem,
2978 3801 2995 3819 ’

291 3986 325 4035 η
360 3960 599 4020 lambe
629 3957 880 4041 Epistola
915 3954 1091 4033 exstat
1115 3910 1452 4015 Germanice
1478 3990 1494 4019 ,
1530 3953 1860 4036 Lunaebtug.
1895 3964 2059 4033 ¹⁶95-
2091 3970 2161 4013 ex
2191 3952 2648 4032 interpretatione
2726 4036 2731 4041 ⁸

195 4038 212 4090 1
307 4038 382 4099 D.
413 4038 646 4131 Afnoldi
663 4045 688 4109 ,“’
720 4056 832 4101 una
851 4054 978 4099 cum
1005 4028 1180 4113 Epist.
1200 4032 1493 4095 clementis.
