3552 4592
852 200 1019 290 724
1494 186 1503 201 '
1609 165 1705 250 In
1735 162 2158 280 ‘Censieram
2197 111 2592 270 Parrhasii

855 321 955 396 est
980 372 1001 405 ,
1048 313 1325 414 quando
1356 313 1712 413 optimum
1748 316 1850 389 est
1877 374 1900 408 ‚
1941 311 2228 412 quando
2259 313 2362 384 est
2395 309 2766 409 pretiosum
2791 367 2814 404 ‚
2865 309 3112 388 stabile
3138 373 3164 410 ,
3197 316 3374 391 inti-

859 439 1055 492 mum
1087 467 1105 498 ,
1150 414 1453 509 spiritale
1482 466 1503 500 ,
1550 413 1872 486 divinum
1902 439 1920 485 :
1973 409 2254 510 quando
2293 430 2628 508 praeterea
2658 411 2913 508 mentis
2947 410 3247 488 affectus
3281 443 3375 490 eo

863 514 1087 588 tactus
1118 513 1217 584 est
1246 535 1325 583 ac
1356 531 1759 608 penetratus
1794 531 2254 607 magnopere,
2309 508 2586 594 vivide,
2631 505 2928 597 fincere,
2979 509 3367 606 profunde,

864 613 1099 683 lucide
1127 631 1205 679 ac
1255 607 1337 678 ad
1380 607 1603 703 ipsum
1644 608 1864 704 usquc
1905 608 2218 704 spiritum
2243 655 2269 690 ‚
2319 605 2708 699 divinoque
2745 606 2962 678 modo
2999 632 3018 679 τ
3077 613 3368 705 quando

866 711 1035 781 item
1066 707 1216 776 haec
1266 729 1304 776 a
1358 706 1519 776 Deo
1545 761 1568 795 ‚
1620 705 2034 777 intimorum
2075 703 2374 775 hominis
2384 701 2784 798 „spectatore
2815 702 3364 803 &boniappro·

868 805 1109 878 batore
1154 822 1375 900 atque·
1408 802 1775 897 adjutore,
1825 798 1960 873 visa
2006 801 2078 872 δε
2127 799 2502 896 approbata
2541 858 2564 891 ‚
2615 797 3034 895 adjuvantur
3061 860 3084 893 ‚
3137 801 3236 875 fic
3287 823 3366 877 ut

871 904 1083 974 Mens
1115 901 1213 972 ita
1236 896 1519 987 afficera,
1570 899 1645 970 δί
1680 923 1786 970 res
1817 924 1936 992 per
1963 896 2180 969 verba
2197 897 2489 968 enixura
2513 953 2537 984 ‚
2587 921 2626 967 a
2657 896 2816 969 Deo
2847 899 2922 970 &
2957 899 3204 997 gratiis
3237 899 3362 974 suis

872 997 1266 1070 affundatur
1290 1051 1313 1086 ,
1366 997 1439 1068 &
1461 995 1966 1090 in‘eloquendo
1987 997 2384 1090 experiatur
2407 993 2546 1066 Dei
2571 990 2916 1088 suppetias
2943 1021 2966 1081 3
3021 1016 3176 1068 tum
3209 999 3366 1068 modi

872 1101 1151 1188 loquendi
1188 1115 1329 1162 non
1362 1090 1641 1186 possunt
1664 1091 1812 1164 non
1837 1117 1980 1186 prae
2009 1091 2071 1162 se
2105 1091 2280 1162 ferre
2315 1087 2572 1186 aliquid
2607 1090 2844 1186 magni
2867 1090 3365 1188 acdigniffimi}

878 1215 1019 1262 non
1048 1191 1331 1286 poss‘unt
1367 1213 1511 1258 non
1537 1189 1795 1282 grande
1819 1189 1990 1283 quid
2013 1189 2250 1260 sonare
2275 1240 2293 1271 ,
2344 1211 2488 1256 non
2525 1183 2750 1279 sapere
2773 1186 3112 1281 quiddam
3151 1193 3358 1262 maxi-

879 1310 993 1359 me
1028 1291 1349 1355 intimum
1383 1343 1405 1375 ‚
1460 1284 1770 1356 vividum
1801 1331 1824 1370 ‚
1879 1281 2212 1356 fincerum
2237 1341 2260 1373 ‚
2295 1283 2612 1353 divinum
2640 1329 2662 1368 ,
2691 1301 2900 1376 atque
2939 1287 3234 1358 omnino
3261 1287 3362 1358 in·-

879 1381 1367 1475 comparabile.
1426 1380 1735 1472 Quando
1764 1405 1933 1452 vcro
1962 1380 2308 1477 objectum
2339 1400 2690 1450 terrenum
2721 1377 2862 1464 est,
2881 1381 3368 1468 tranfitoriurn‚

880 1479 1293 1562 evanidum,
1344 1498 1750 1570 corruptum
1776 1524 1800 1563 ‚
1853 1477 2050 1549 futile
2075 1536 2096 1567 ‚
2151 1477 2222 1549 &
2261 1501 2388 1570 pro
2427 1473 2710 1548 homine
2743 1474 3128 1550 immortali
3173 1481 3362 1572 parvi

879 1573 996 1645 vel
1041 1575 1301 1645 nullius
1344 1575 1732 1660 momenti3
1783 1574 2110 1668 equidem
2152 1594 2321 1643 tunc
2347 1620 2370 1657 ,
2411 1572 2582 1666 ‘quia
2615 1593 2902 1666 aequum
2940 1575 3110 1646 ess'ct
3159 1576 3242 1646 iis
3289 1578 3366 1650 δί

882 1691 1266 1764 conceptus
1301 1671 1373 1742 δί
1410 1666 1695 1740 affectus
1744 1673 1850 1740 vel
1899 1668 2278 1740 admodum
2333 1691 2575 1762 parum
2604 1714 2628 1753 ,
2677 1666 2787 1738 vel
2840 1669 3044 1742 nullo
3093 1671 3366 1765 prorsus

882 1768 1101 1838 modo
1123 1766 1447 1859 occupari
1475 1821 1497 1853 ‚
1550 1764 1637 1838 de
1668 1765 1802 1836 illis
1844 1791 1990 1863 quo
2039 1791 2127 1837 ue
2146 1764 2254 1835 vd
2285 1763 2494 1836 taceri
2525 1785 2804 1856 aequum
2827 1764 3041 1856 esset,
3081 1768 3193 1837 vel
3219 1793 3368 1840 rno-

884 1863 989 1934 dis
1032 1885 1310 1958 parvam
1362 1861 1945 1934 existimationem
1991 1791 2556 1959 (iignificantibus
2587 1859 2970 1933 sermonem
3005 1862 3094 1934 de
3129 1863 3362 1938 iisdem

885 1959 1066 2032 fieri.
1160 1954 1431 2032 Verum
1464 2015 1485 2048 ‚
1538 1956 1699 2029 cum
1733 1982 1834 2030 res
1867 1961 2168 2030 hominis
2191 2003 2214 2044 ,
2265 1955 2606 2064 statusque
2633 1956 2778 2050 ejus
2808 1977 3005 2030 totus
3040 2016 3061 2050 ‚
3115 1959 3186 2030 in
3217 1985 3364 2034 cor-

887 2058 1217 2152 ruptione
1249 2054 1377 2126 fint
1408 2111 1434 2145 ,
1484 2079 1563 2126 ac
1594 2055 1859 2126 Mentis
1901 2052 2038 2127 suae
2071 2074 2450 2148 conceptus
2485 2059 2620 2123 ssve
2676 2051 3114 2152 intelligendi
3153 2055 3365 2130 facul·

788 2233 807 2251 ἱ
890 2175 989 2226 tas
1018 2209 1039 2241 ‚
1093 2150 1433 2248 ipliusque
1462 2148 1749 2223 affectus
1787 2149 1926 2222 five
1948 2174 2071 2223 cor
2104 2207 2126 2240 ‚
2178 2148 2260 2221 ab
2289 2146 2572 2244 objectis
2613 2145 2870 2221 divinis
2895 2171 3110 2246 atque
3137 2152 3222 2224 ab
3255 2179 3367 2228 eo·

891 2273 1049 2321 tum
1080 2244 1564 2320 affectionibus
1591 2245 1819 2319 averfiz
1856 2245 2040 2336 sint,
2090 2245 2324 2322 evenit
2375 2245 2533 2319 inde
2565 2293 2588 2333 ,
2637 2264 2718 2315 ut
2767 2243 2840 2317 δε
2893 2271 3026 2344 pro
3081 2247 3370 2348 objeffis

892 2347 1167 2443 magnis
1191 2344 1669 2439 concipiendis
1696 2346 2030 2440 receperit
2069 2344 2190 2417 ille
2224 2368 2325 2417 res
2350 2340 2742 2415 minimulas
2767 2399 2790 2433 ‚
2812 2343 3090 2435 crasshs,
3119 2346 3372 2439 sutiles,

896 2441 1264 2530 evanidas,
1316 2442 1583 2528 nullas3
1636 2444 1709 2515 ὃ(
1742 2466 1867 2538 pro
1897 2440 2185 2537 objectis
2219 2440 2524 2513 amandis
2548 2496 2571 2529 ‚
2619 2439 2726 2509 vel
2750 2435 3004 2515 affeetu
3041 2444 3374 2541 recipien-

898 2540 1005 2615 dis
1030 2598 1053 2631 ‚
1106 2563 1251 2611 non
1281 2536 1545 2611 easdem
1579 2537 1792 2611 modo
1827 2563 1931 2611 res
1967 2560 2206 2611 tenues
2240 2538 2351 2609 vel
2377 2536 2602 2608 nullas
2650 2542 2838 2631 (quae
2871 2538 3000 2610 diu
3035 2540 3266 2614 locum
3291 2544 3364 2615 in

900 2638 1022 2708 illo
1043 2638 1223 2708 tueri
1245 2658 1388 2707 non
1412 2636 1764 2728 possunt,)
1817 2635 1927 2707 scd
1953 2638 2028 2709 &
2051 2634 2400 2730 praecipue
2434 2632 2865 2729 semetipsum
2887 2684 2912 2722 ‚
2967 2660 3170 2732 quem
3207 2637 3360 2711 vero

899 2760 1022 2829 per
1052 2734 1245 2805 istam
1279 2731 1701 2804 Philautiam
1731 2733 2034 2803 maxime
2053 2731 2210 2804 vult
2240 2731 2753 2822 ornare,magni
2775 2728 3029 2820 facere,
3051 2736 3122 2807 &
3143 2733 3366 2830 magni

899 2829 1295 2902 faciendum
1324 2829 1474 2902 aliis
1518 2825 1830 2924 praebere
1855 2886 1877 2918 ,
1931 2854 2076 2900 non
2109 2827 2389 2923 quidem
2427 2850 2554 2921 per
2593 2825 2974 2898 istiusmodi
3005 2828 3364 2903 affcauum

904 2927 1190 2999 suorum
1244 2924 1729 3019 pudendorum
1766 2924 2094 2998 dii-eclam
2148 2924 2673 2995 ostentationem
2707 2974 2727 3005 ‚
2775 2922 2886 2995 sed
2927 2950 3049 3021 per
3081 2926 3366 2999 ostenta·

904 3026 1168 3096 tionem
1208 3022 1511 3095 idearum
1540 3078 1561 3111 ‚
1614 3044 2087 3119 conceptuum
2117 3026 2595 3115 accurataeque
2624 3017 2926 3091 scientiae
2964 3020 3230 3095 istarum
3265 3048 3375 3097 rc·

905 3144 1063 3194 rum
1098 3117 1403 3190 futilium
1428 3176 1451 3209 ,
1504 3142 1673 3214 quas
1704 3118 1886 3190 idem
1911 3117 2298 3212 exprimere
2323 3136 2621 3189 conatur
2639 3114 2712 3187 &
2739 3117 3032 3215 pingere
3051 3118 3270 3194 verbis
3291 3144 3371 3192 ac

906 3216 1136 3288 modis
1169 3215 1257 3286 ad
1293 3214 1656 3287 hominum
1693 3214 1984 3288 aliorum
2030 3216 2334 3311 pal-atum
2377 3232 2788 3307 corruptum
2829 3215 3244 3313 auriumque
3281 3220 3362 3289 ti-

907 3314 1317 3385 tillationem
1348 3310 1559 3407 quam
1614 3312 1877 3407 optime
1927 3312 2155 3409 potest
2193 3310 2759 3383 accommodatis.
2827 3312 2915 3384 ad
2969 3316 3160 3410 quod
3211 3338 3362 3387 vero

910 3411 1089 3482 coeci
1118 3408 1341 3480 ceteri
1372 3408 1620 3504 quibus
1648 3407 1922 3505 objecta
1959 3408 2357 3481 sublimiora
2385 3406 2672 3479 minime
2715 3406 2874 3481 sunt
2905 3409 3186 3508 cognita
3235 3410 3365 3483 stu-

908 3530 1069 3601 pere
1104 3502 1358 3601 poffint
1386 3508 1459 3579 &
1492 3503 1754 3577 soleant
1779 3557 1804 3590 .,
1855 3526 2060 3600 atque
2091 3506 2182 3579 ita
2205 3502 2580 3577 miserabile
2603 3502 2824 3579 futilis
2853 3506 3222 3579 istiulinodi
3249 3508 3370 3579 ho·

910 3604 1121 3677 minis
1150 3602 1413 3673 idolum
1478 3608 1636 3710 (pro
1668 3601 1882 3698 scopo
1913 3602 2111 3698 ipfius
2149 3602 2406 3710 primo)
2457 3600 3370 3691 maximiaestimare‚admi·
3421 3596 3432 3607 ”

906 3720 1135 3773 rantes
1170 3695 1529 3793 quomodo
1568 3722 1636 3769 m
1684 3719 1824 3769 tam
1863 3724 2074 3795 parvo
2125 3722 2333 3771 umus
2387 3697 2794 3770 homunculi
2847 3698 3194 3773 cerebello
3237 3722 3370 3772 tam

911 3797 1304 3893 ingentium
1390 3792 1870 3889 uisquiliarum'
1889 3817 2100 3891 atque
2139 3794 2548 3867 futilitatum
2601 3801 2793 3889 (quas
2833 3797 3215 3869 ecoecimtc
3247 3820 3366 3889 pro

910 3893 1183 3993 magniq
1215 3820 1552 3967 tinellam-is
1587 3890 1876 3977 habent)
1940 3915 2272 3966 numerus
2325 3914 2498 3988 pene
2547 3888 2864 3965 infinitus
2893 3948 2916 3987 ,
2971 3890 3170 3989 poffit
3215 3914 3368 4057 cplm

3307 4010 3366 4055 1-
