3552 4592
833 180 880 268 7
899 162 994 243 16
1573 153 1668 239 In
1713 146 2119 264 Censuram
2156 148 2555 261 Parrhafii

487 316 748 381 Antonia:
931 313 1222 381 Antonia
1248 309 1623 401 Burignoniae
1651 312 1865 416 φρει-α
1886 310 2086 379 omnia
2128 328 2217 402 19
2249 309 2403 375 voll.
2430 307 2673 373 Gallice
2699 350 2725 392 ,
2780 296 2831 373 fi
2868 322 3091 375 unum
3122 321 3203 373 ac
3230 297 3341 371 al-

375 428 382 433 '
458 400 739 529 emigro·
839 427 1070 481 terum
1117 403 1417 476 Librum
1453 404 1755 499 excipias
1794 402 1920 501 qui
1952 402 2099 498 jam
2148 424 2309 475 ante
2344 402 2621 475 fuerant
2656 400 2849 472 editi.
2946 398 3157 471 Nihil
3196 420 3343 496 ego

458 488 782 610 ’ὃζωξῗη
841 505 1110 578 contuli
1149 498 1576 573 editionibus
1609 500 2054 589 Germanicae
2100 500 2176 575 ὃζ
2227 500 2539 598 Belgicae
2582 496 2950 579 duodecim
3006 498 3117 569 vel
3164 522 3347 593 qua-

839 600 1246 675 tuordecim
1275 597 1721 671 voluminum
1757 656 1779 688 ‚
1833 596 2010 670 nihil
2049 598 2375 694 Anglicae
2400 655 2422 688 ‚
2478 598 2551 667 in
2571 620 2707 693 qua
2728 614 2861 666 tres
2886 594 3003 667 vel
3034 616 3349 693 quatuor

839 722 1067 797 partes
1103 700 1234 789 iam
1269 717 1674 789 comparent
1701 752 1724 786 ‚
1775 694 1990 767 indies
2036 694 2417 791 augendae3
2470 692 2646 765 nihil
2688 692 2899 765 etiarn
2932 692 3352 789 interpreta-

849 796 1028 871 tioni
1061 792 1336 865 Latina:
1371 793 1579 863 unius
1609 814 1819 889 atque
1848 790 2133 864 alterius
2162 790 2341 864 libri.
2412 786 2624 866 Licet
2644 810 2877 862 autem
2906 790 3136 885 quivis
3166 790 3351 863 liber

840 892 1144 966 seorsum
1175 889 1410 962 haberi
1435 884 1639 984 poffit
1674 947 1696 979 ‚
1750 888 1997 960 maluit
2031 908 2257 960 tamen
2284 887 2689 983 Bibliopola
2710 944 2733 978 ‚
2759 886 3155 984 compendii
3186 910 3357 984 gra-

847 994 945 1063 tia
966 1048 986 1081 ,
1017 988 1100 1061 ad
1127 986 1426 1059 totidem
1451 988 1728 1059 Tomos
1763 984 1986 1083 redigi
2016 1008 2291 1059 omnes.
2348 984 2710 1081 Praeposui
2724 988 3145 1080 prefationem
3168 992 3367 1082 Apo-

841 1094 1166 1173 [apetie-am
1191 1142 1213 1174 ‚
1265 1081 1630 1173 subjunfiffi
1675 1084 1837 1155 vitae
1882 1082 2149 1179 Virginis
2190 1088 2633 1155 continuatione
2674 1081 2758 1153 ad
2804 1080 3087 1154 obitum
3134 1080 3363 1180 usque

851 1166 1076 1258 su'um.
1172 1179 1504 1255 Annexui
1549 1182 1684 1259 toti
1719 1178 1947 1275 Operi
1998 1177 2252 1277 Joannis
2290 1181 2651 1277 Engetbcrti
2686 1183 3003 1251 Divinam
3030 1182 3108 1248 de
3133 1184 3205 1248 T
3190 1180 3365 1251 ribus

825 1276 1100 1379 ‘statibus
1127 1338 1150 1372 ‚
1203 1276 1620 1373 Ecclesiastico
1643 1328 1664 1361 ‚
1717 1280 1975 1347 Politico
2012 1296 2107 1349 (P
2144 1283 2544 1353 Oeconomico
2582 1278 2879 1367 Vifionern
2899 1273 3187 1349 Gallie&
3202 1298 3367 1350 ver-

856 1378 1025 1452 sam.
1123 1374 1270 1450 Ubi
1307 1372 1544 1468 Opera
1573 1372 1692 1444 illa
1729 1374 2037 1470 primum
2080 1369 2281 1446 fimul
2308 1392 2861 1469 comparuerunt
2888 1397 3025 1445 x1x
3048 1372 3369 1447 volumi-

859 1476 1062 1549 nibus
1099 1469 1634 1567 comprchensa,
1691 1475 2068 1541 Relationem
2104 1494 2349 1543 eorum
2411 1470 2687 1541 invidiae
2731 1470 3011 1567 plenam
3052 1471 3127 1543 in
3167 1468 3371 1545 Astis

861 1570 1274 1669 quibusdam
1299 1566 1754 1639 Eruditorum
1782 1564 2226 1641 interserebat
2246 1568 2497 1663 aliquis
2531 1624 2554 1658 ‚
2604 1566 2723 1639 cui
2751 1566 3045 1682 quidem
3074 1568 3199 1639 res
3232 1592 3375 1641 on-

861 1670 1020 1741 dere
1054 1666 1248 1740 volui
1328 1688 1399 1735 er
1429 1667 1748 1755 Moditum
1771 1668 2152 1754 neceffiarium
2186 1668 2273 1736 ad
2296 1693 2370 1735 ea
2400 1668 2617 1734 Acin:
2659 1686 2905 1737 verum
2938 1688 3101 1737 curn
3134 1665 3205 1761 i,
3236 1694 3379 1736 mo·-

861 1775 1056 1841 m'rum
1089 1788 1203 1836 me
1246 1788 1282 1833 a
1336 1758 1526 1833 sente
1561 1760 1658 1835 ita
1695 1760 1789 1833 ab
1818 1760 1965 1833 aliis
2000 1760 2352 1836 edendum
2400 1778 2767 1833 curaretur
2807 1782 2965 1852 „ut
3016 1784 3211 1837 meos
3260 1762 3379 1835 lo-

863 1860 1124 1960 quendi
1153 1859 1402 1932 modos
1425 1914 1445 1949 ‚
1478 1856 1712 1931 nescio
1735 1883 1877 1956 quo
1911 1858 2089 1929 Zelo
2116 1912 2135 1945 ‚
2157 1859 2231 1931 in
2254 1858 2565 1931 duriores
2593 1878 2985 1943 verterent3
3030 1857 3125 1948 id,
3146 1882 3377 1953 quan-

867 1980 1030 2033 tum
1058 1958 1144 2031 ad
1171 1954 1548 2027 dictionem
1579 2013 1602 2047 ‚
1637 1973 1801 2030 non
1830 1952 2071 2052 possim
2111 1980 2237 2053 pro
2266 1980 2426 2029 meo
2456 1952 2856 2054 agnoscere.
2949 1957 3063 2027 Ac
3094 1954 3381 2031 Aua-or

869 2055 1272 2131 Relationis
1320 2051 1482 2123 inde
1517 2051 1959 2125 exacerbatus
2002 2099 2027 2140 ,
2090 2055 2513 2148 Defenfionem
2551 2057 2880 2125 Relationis
2917 2048 3063 2125 suae
3108 2050 3387 2151 scripfit

873 2152 1198 2249 quidem3
1255 2146 1370 2221 sed
1407 2146 1823 2221 defentionis
1862 2150 2047 2221 illius
2078 2148 2415 2246 prodigio
2460 2149 2634 2222 nihil
2678 2149 3171 2251 replicandum
3204 2152 3388 2225 duxi

878 2247 1084 2349 quam
1115 2247 1388 2345 aliquot
1417 2244 1717 2344 pagellas
1739 2270 1901 2340 quae
1932 2244 2315 2322 Librorum
2344 2245 2432 2318 de
2455 2244 2869 2320 Eruditione
2896 2246 3220 2322 Editioni
3242 2249 3387 2346 pri-

877 2371 1020 2421 mae
1051 2348 1341 2421 fuerunt
1375 2345 1656 2417 additae.
1753 2343 1838 2418 N
1846 2367 1986 2416 unc
2028 2365 2261 2418 autem
2294 2369 2458 2416 cum
2497 2342 2911 2418 defensionis
2942 2343 3198 2418 auster
3222 2345 3386 2421 fatis

881 2443 970 2518 fit
1003 2441 1288 2518 sanetus
1310 2491 1336 2528 ‚
1389 2440 1708 2539 mihique
1747 2439 2192 2537 persuadeam
2243 2461 2509 2515 ceteros
2554 2439 2898 2516 Actorum
2932 2441 3387 2519 collaetare·

885 2541 1152 2616 nullam
1192 2540 1320 2612 hac
1341 2539 1412 2610 in
1437 2563 1508 2612 re
1532 2537 1839 2611 habuiffe
1875 2557 2140 2636 partem
2162 2589 2191 2629 ,
2244 2538 2395 2614 illas
2426 2539 2735 2637 pagellas
2764 2539 2933 2613 hinc
2953 2537 3385 2638 abefl‘ejuffi,

888 2665 980 2712 ne
1020 2635 1408 2712 contemtui
1433 2637 1550 2709 vel
1579 2635 1746 2710 odio
1775 2635 2152 2709 excitando
2270 2655 2301 2709 t
2340 2635 2656 2711 fovendo
2692 2635 3125 2711 occasionem
3160 2639 3383 2712 ullam

885 2735 1304 2832 praeberem.
1374 2733 1758 2805 Librorum
1802 2733 2131 2806 Antoniae
2222 2733 2621 2831 urignoniae
2648 2733 2893 2830 scopus
2916 2733 3389 2810 &substantia

897 2837 1011 2922 (ut
1045 2833 1116 2902 in
1146 2831 1419 2902 Irenico
1459 2833 1534 2903 &
1574 2831 1646 2902 in
1678 2829 1995 2926 Epistola
2017 2831 2105 2902 de
2132 2829 2563 2904 Aufimribus
2585 2832 2898 2928 mysticis
2920 2833 3189 2918 monui)
3202 2828 3381 2908 cum

893 2930 1048 3002 haec
1087 2927 1212 3016 fit,
1267 2946 1348 2999 ut
1385 2927 1702 3000 homines
1729 2928 2193 3023 corruptionis
2218 2928 2305 3002 ab
2338 2929 2615 3001 Adamo
2640 2949 2949 3027 acceptae
2980 2949 3193 3027 atque
3216 2955 3393 3030 pro-

893 3027 1066 3124 priis
1091 3024 1392 3121 peccatis
1424 3022 1644 3097 aufilae
1673 3081 1694 3115 ,
1745 3023 1977 3096 vivam
2014 3023 2311 3098 habeant
2338 3026 2819 3124 cognitionem
2842 3075 2867 3116 ,
2888 3026 3115 3099 eidem
3166 3051 3257 3102 ue
3280 3053 3393 3104 re·

891 3123 1234 3196 nuncient
1279 3121 1643 3193 moriendo
1687 3122 1853 3194 vitae
1889 3121 2165 3195 Veteris
2196 3120 2447 3196 Adami
2468 3122 2834 3196 mundanae
2863 3149 2959 3206 ac.
2988 3125 3127 3197 Dia
3230 3125 3391 3198 licae

893 3245 1020 3317 per
1040 3222 1178 3291 vim
1215 3217 1442 3290 crucis
1469 3217 1735 3290 Christi
1768 3267 1794 3304 ,
1843 3241 1984 3312 quo
2066 3219 2367 3292 urificati
2401 3269 2426 3306 ,
2480 3219 2625 3296 vasa
2675 3218 2851 3293 fiant
2890 3241 3054 3319 apta
3096 3223 3183 3296 ad
3212 3222 3387 3296 reci-

893 3315 1224 3413 piendum
1247 3315 1584 3409 Spiritum
1617 3317 1686 3390 S.
1739 3341 1778 3386 a
1813 3315 1987 3388 Chri
2054 3341 2103 3390 o
2128 3316 2577 3411 promissum,
2606 3341 2687 3388 ac
2716 3341 2841 3416 per
2862 3341 3031 3391 eum
3060 3319 3397 3418 deinceps

897 3412 1379 3486 illuminentur
1397 3463 1422 3501 ‚
1447 3411 1806 3512 'regantur
1830 3468 1852 3502 ,
1905 3414 1979 3486 &
1999 3413 2278 3486 tandem
2308 3412 2839 3513 glorificentur-3
2891 3435 3136 3490 utrum
3158 3419 3399 3494 haecoe

901 3535 1026 3584 ore
1066 3509 1277 3604 pleno
1306 3509 1478 3582 velit
1515 3507 1911 3582 Parrhasius
1943 3509 2171 3584 dicere
2210 3513 2467 3582 ridenda
2516 3537 2639 3608 per
2664 3537 2821 3609 qua:
2860 3513 3185 3588 homines
3203 3519 3401 3608 sedah

907 3633 1129 3696 camur
1157 3662 1180 3700 ‚
1234 3630 1382 3678 non
1417 3608 1710 3679 omnino
1739 3605 1878 3679 scio
1906 3632 1923 3676 z
1982 3606 2119 3679 hoc
2155 3605 2303 3681 scio·
2330 3665 2352 3697 ,
2405 3633 2550 3680 non
2652 3632 2859 3682 aucos
2913 3636 2952 3684 e
3004 3611 3281 3686 Satanae
3316 3613 3405 3688 δε

905 3703 1169 3778 Mundi
1208 3699 1498 3776 caffibus
1533 3729 1657 3799 per
1693 3701 1910 3776 libros
1944 3703 2293 3803 Virginis·
2310 3702 2561 3778 san&ae
2602 3635 2942 3784 {ibemtos
2985 3707 3123 3782 effe
3164 3735 3219 3780 τ,
3254 3733 3413 3784 non

907 3825 1162 3902 paucos
1191 3800 1264 3873 in
1293 3800 1640 3897 posterum
1683 3825 1809 3897 per
1838 3799 2115 3875 eosdem
2150 3801 2287 3874 effe
2324 3797 2735 3878 liberandos.

951 3930 956 3939 ·
997 3897 1211 4003 Libri
1231 3895 1322 3976 de
1358 3904 1712 3978 {nait-«tione
1754 3897 1997 3992 Christi‘
2014 3901 2089 3978 in
2122 3899 2417 3998 gratiam
2452 3900 3007 3980 Protestantium
3028 3899 3163 3980 sub
3175 3903 3410 3978 timto

3198 4003 3417 4080 xem-
