3552 4592
789 56 1410 241 Coffidaationes
1417 126 1921 246 specialiores„
1962 154 2085 238 24..
2530 154 2683 246 753

187 272 402 375 eujus
423 268 930 349 intelleflzuales
951 278 1202 353 mentis
1225 278 1417 353 oculi
1447 302 1594 353 non
1617 277 1776 352 sunt
1796 277 2017 375 aperti
2046 328 2069 362 ,
2114 296 2337 374 neque
2356 270 2688 351 viderunt
2716 319 2790 360 cae
2805 298 2863 356 3„
2886 298 3032 358 robae

195 372 438 449 lumen
471 370 552 447 in
581 371 850 446 lumine
874 372 1013 447 Dei
1039 400 1062 463 3
1112 376 1162 449 fi
1186 376 1388 473 cujus
1415 405 1596 447 aures
1618 375 1963 454 obturata:
1985 374 2027 445 s
2014 394 2141 447 unt
2167 429 2192 464 ,
2241 397 2375 447 nec
2403 373 2461 446 is
2484 372 2681 447 audi·
2707 376 3057 467 [piriquqlifme

193 472 308 547 vit
329 497 542 542 vocem
565 480 769 541 Patres
791 516 818 555 ,
877 494 1108 568 neque
1127 472 1380 547 doct-us
1401 473 1502 547 est
1521 472 1610 560 ab
1637 498 1724 547 eo
1750 500 1774 561 3
1827 471 1875 545 fi
1910 496 2053 545 non
2086 466 2359 543 acceffit
2392 475 2570 541 corde
2596 472 2681 545 ad
2716 473 2788 519 ‘⁹'
2806 454 3021 515 “vm“
3063 548 3083 563 Ι

193 566 616 665 Sapientiam
654 566 796 659 Dei
822 623 844 657 ,
895 590 1127 665 neque
1161 598 1226 640 os
1258 572 1344 643 ad
1373 590 1524 643 eam
1545 571 1883 668 applicuit
1900 590 1981 643 ut
2011 569 2349 665 reciperet
2376 570 2481 637 lac
2494 572 2682 640 intel-
3052 574 3059 581 ’

185 666 450 763 digentis
481 688 632 737 non
651 662 1052 739 fraudatum
1083 688 1164 740 ut
1190 692 1317 763 per
1342 666 1521 741 illud
1545 664 1808 743 cresmt
1826 666 1903 739 &
1929 668 2119 741 vivat
2153 691 2176 751 3
2228 662 2277 737 fi
2300 687 2443 737 non
2462 666 2679 763 gusta·
2712 726 2721 733 .

188 772 300 833 vic
337 784 546 858 quam
581 760 930 859 benignus
967 761 1048 835 fit
1079 764 1438 838 Dominus
1465 812 1490 853 ‚
1521 764 1626 845 ,ad
1703 786 1871 837 uem
1906 764 1979 835 in
2019 762 2259 861 spiritu
2296 784 2437 834 non
2480 784 2676 835 acce-
2816 772 2823 781 ’

189 856 316 933 dat
335 857 558 931 veluti
587 858 674 929 ad
699 856 1234 935 fundamentum
1273 862 1348 935 &
1379 886 1620 960 rupem
1711 885 1799 933 ve
1836 862 1896 933 la
1952 861 2134 932 idern
2164 856 2521 930 vivificum
2562 857 2675 933 su·
2710 929 2715 934 .

193 979 324 1053 per
343 978 489 1051 quo
521 954 755 1028 omnia
773 955 884 1027 sua
915 955 1243 1046 edificet3
1296 958 1347 1031 fi
1385 984 1530 1033 non
1563 962 1774 1057 olfecit
1798 1006 1825 1047 ‚
1902 984 1925 1029 1
1965 980 2111 1031 non
2144 952 2346 1029 sensit
2398 954 2671 1028 bonum

191 1062 438 1124 odorem
479 1052 704 1145 Christi
729 1100 756 1142 ‚
803 1051 1086 1151 e‘usque
1119 1054 1520 1143 diuinarum
1569 1055 2107 1153 operationum„
2156 1052 2675 1127 emanationutn'

185 1168 405 1247 atque
434 1149 778 1221 virtutum
849 1151 1272 1245 piritualium
1309 1154 1430 1240 3&
1455 1172 1688 1225 tamen
1719 1153 1839 1226 ille
1862 1151 2093 1223 audiat
2131 1170 2420 1223 externe
2460 1150 2683 1245 legat-

197 1268 342 1343 que
375 1244 720 1319 sermones
751 1270 830 1318 ac
859 1246 1072 1321 libros
1096 1246 1186 1320 de
1223 1249 1476 1325 divinis
1514 1249 1720 1323 rebus
1737 1268 2019 1348 agentes
2053 1236 2093 1339 ,’
2128 1246 2359 1344 quales
2394 1245 2552 1318 sunt
2588 1246 2675 1317 li-

191 1338 308 1415 bri
337 1340 734 1417 divinarum
753 1345 1274 1442 scripturarum
1313 1372 1329 1419 ε
1437 1343 1702 1420 τοῑεᾶὸ
1731 1345 1979 1419 habeat
2019 1344 2135 1417 ille
2160 1344 2322 1417 licet
2348 1340 2671 1415 notitiam

191 1437 594 1537 linguarum
612 1464 858 1537 praeter
880 1442 1320 1517 vernaculam
1419 1442 1692 1532 ebraeae,
1704 1442 2019 1526 Graecae,
2034 1442 2307 1513 Latina:
2322 1440 2679 1512 omnium-

193 1558 340 1633 que
364 1536 840 1611 Orientalium
867 1564 888 1625 3
942 1537 1028 1611 s1t
1061 1538 1378 1637 Logicus
1404 1595 1429 1631 ‚
1453 1570 1458 1578 ·
1481 1537 1938 1635 Philosophus
1963 1595 1985 1627 ,
2038 1536 2429 1609 Historicus
2459 1592 2480 1627 ‚
2505 1560 2680 1629 con-

192 1651 422 1727 vertat
446 1633 536 1706 de
557 1634 888 1707 idiomate
909 1659 1054 1709 uno
1083 1636 1156 1708 in
1183 1634 1402 1727 aliud,
1410 1636 1675 1730 judicet
1685 1632 1772 1705 de
1792 1634 2499 1729 interpretationibus,
2512 1641 2681 1731 prq-

193 1730 492 1804 nunciet
521 1727 788 1803 easdem
830 1754 1040 1805 voces
1061 1756 1222 1829 qua:
1251 1732 1327 1803 in
1355 1730 1558 1806 sacris
1581 1788 1604 1821 ‚
1654 1731 1887 1828 deque
1917 1729 2143 1802 verbis
2164 1776 2189 1817 ‚
2236 1730 2313 1803 &
2350 1727 2559 1803 rebus
2598 1732 2677 1805 δε

189 1847 438 1901 earum
453 1825 984 1903 circumstantiis
1061 1826 1066 1831 ’
1147 1830 1342 1903 omni
1367 1827 1702 1903 industria
1722 1827 1839 1901 sua
1856 1825 2165 1909 differam
2188 1848 2417 1899 revera
2444 1845 2678 1915 tamen

197 1943 538 2021 quantum
584 1924 671 1997 ad
717 1948 946 1999 rerum
1021 1924 1428 1999 ubstantiam
1481 1928 1556 1999 &
1587 1948 1672 1997 ca
1723 1926 1817 1999 ita
1856 1924 2205 2023 praecipua
2248 1923 2483 1994 omnia
2514 1924 2677 1995 atti·
2791 1936 2797 1941 ·

197 2042 353 2111 net,
381 2020 438 2095 is
461 2020 640 2093 nihil
666 2020 868 2118 plane
887 2022 1232 2121 intelligit
1253 2024 1330 2099 &
1353 2046 1590 2095 ooecus
1616 2047 1656 2094 e
1750 2020 2047 2095 omnino
2074 2072 2095 2106 ,
2145 2018 2213 2092 C
2229 2044 2327 2091 οε
2344 2042 2391 2093 o
2416 2041 2469 2089 A
2487 2042 2605 2109 Qu
2620 2040 2675 2091 s

197 2116 344 2191 Cn
365 2142 456 2189 ιτ
479 2140 646 2197 tcA
697 2118 808 2190 sua
843 2176 868 2211 ‚
915 2142 1084 2216 quae
1119 2138 1282 2193 utut
1312 2121 1620 2219 argutias
1660 2116 1983 2216 quasdam
2028 2116 2445 2190 adventitias
2492 2117 2676 2189 circa

193 2211 414 2291 verba
448 2215 790 2289 nonnulla
820 2273 843 2309 ,
875 2235 997 2290 aut
1027 2214 1389 2314 phraseolo
1441 2218 1570 2287 iam
1591 2264 1618 2306 ,
1666 2235 1787 2289 aut
1805 2211 2420 2287 circumstantiolas
2439 2232 2677 2287 exter-

193 2333 318 2386 nas
345 2335 426 2384 ac
459 2311 814 2388 historicas
841 2311 1166 2412 quasdam
1200 2240 1470 2390 interffe
1497 2314 1614 2389 vel
1639 2337 1809 2386 cum
1834 2312 1985 2386 aliis
2004 2309 2453 2407 scriptoribus
2476 2333 2671 2383 com·

189 2429 460 2507 param
479 2407 554 2482 in
574 2409 876 2484 medium
903 2407 1172 2484 adferre
1199 2431 1410 2510 queat
1435 2467 1460 2502 ‚
1483 2437 1644 2482 caeca
1676 2429 1913 2482 tamen
1937 2407 2037 2481 est
2058 2410 2133 2482 &
2153 2403 2677 2480 coeciflima'ubi
2778 2485 2785 2490 ‚

193 2505 290 2580 de
321 2529 548 2578 rerum
579 2503 874 2616 ipsarum
904 2504 1268 2581 substantia
1295 2558 1320 2596 ‚
1367 2505 1827 2581 fundamento
1858 2563 1882 2596 ,
1932 2503 2143 2599 scopo
2166 2560 2190 2594 ‚
2238 2501 2680 2576 adhibitione

193 2603 278 2678 δε
301 2603 763 2702 applicatione
793 2603 878 2677 ad
897 2624 1190 2678 aeternas
1213 2628 1294 2678 ac
1311 2598 1574 2678 divinas
1605 2603 1905 2676 hominis
1933 2599 2339 2674 immortalis
2362 2601 2437 2674 ὃ(
2456 2601 2669 2672 inter·

193 2697 276 2774 ni
301 2697 666 2774 facultates
701 2721 908 2798 atque
941 2699 1150 2775 animi
1185 2700 1516 2776 interiora
1545 2701 1803 2800 agitur.
1880 2699 2029 2772 imo
2062 2695 2347 2794 quando
2374 2696 2463 2770 de
2490 2695 2671 2769 hisce

197 2793 290 2872 ab
311 2795 720 2872 hominibus
743 2797 1038 2872 oculatis
1068 2797 1194 2872 fiet
1209 2818 1530 2872 accurata
1549 2799 1829 2872 mentio
1850 2845 1875 2886 ,
1907 2797 1984 2870 &
2006 2819 2135 2890 pro
2232 2811 2438 2867 netur
2455 2791 2673 2867 solida
2753 2867 2757 2878 ,

191 2891 576 2990 explicatio
597 2914 810 2992 atque
836 2918 1000 2980 vera
1027 2896 1502 2992 interpretatio
1529 2951 1554 2986 ‚
1605 2899 1839 2968 omnia
1868 2891 1983 2964 illa
2019 2913 2115 2964 >au
2162 2889 2351 2964 aeter
2390 2888 2677 2986 negabit

193 3013 279 3066 ac
329 2988 673 3064 deridebit
721 2991 1032 3066 Criticus
1067 2991 1192 3065 iste
1231 3015 1472 3066 coecus
1490 3048 1515 3082 ,
1567 3014 1839 3088 proque
1873 2987 2150 3060 somniis
2199 3010 2279 3060 ac
2320 2983 2671 3058 ffiiatismo

196 3084 636 3166 confidenter
692 3088 902 3162 ducet
949 3088 1253 3162 internas
1309 3111 1393 3162 ac
1453 3087 1698 3160 vitales
1747 3084 2137 3158 divinarum
2186 3082 2692 3180 operationum*

194 3183 699 3280 experientias,
749 3209 880 3282 pro
921 3181 1218 3281 peffimis
1251 3184 1422 3258 item
1465 3207 1698 3258 rerum
1733 3178 2079 3254 sacrarum
2127 3203 2211 3250 ac
2264 3177 2518 3276 ineptis
2568 3179 2675 3252 in-

207 3277 635 3378 terpretibus
660 3305 780 3355 eos
810 3283 938 3380 qui
967 3281 1088 3358 ista
1123 3282 1396 3379 experti
1429 3280 1506 3353 in
1532 3279 1596 3353 se
1614 3330 1641 3371 ,
1691 3275 2027 3352 carebunt
2060 3273 2241 3352 forte
2263 3275 2517 3350 notitia
2552 3275 2684 3348 ali-

193 3399 498 3476 quarum
537 3378 936 3479 linguarum
981 3399 1194 3480 atque
1231 3375 1698 3475 Philosophiae
1736 3374 1880 3449 suae
1905 3377 1980 3450 &t
2008 3371 2337 3448 omnibus
2381 3371 2677 3471 phaleris
2714 3411 2723 3418 ·

195 3471 608 3571 padanticis
626 3498 792 3571 quas
826 3475 950 3549 ille
973 3473 1245 3551 summo
1277 3474 1512 3549 labore
1545 3475 1620 3548 in
1654 3473 1983 3547 coecitate
2010 3469 2125 3545 sua
2158 3467 2281 3542 fibi
2317 3493 2681 3566 compara·

194 3571 310 3648 vit
339 3628 364 3663 ,
413 3571 500 3646 ad
585 3595 704 3646 uas
728 3596 904 3648 vero
926 3628 951 3664 ‚
1009 3574 1088 3648 &
1121 3571 1478 3669 speciatim
1513 3567 1597 3646 ad
1629 3565 2095 3668 digniffimatn
2132 3564 2329 3641 omni
2349 3565 2677 3639 encomio

191 3665 508 3744 stultitiae
612 3667 922 3744 ominam
956 3677 1262 3742 criticam
1301 3695 1526 3740 εει-ιω
1559 3725 1582 3755 ,
1645 3666 1961 3741 coecioris
1996 3661 2507 3760 imaginationis
2544 3661 2677 3734 hu-

197 3788 424 3840 manae
457 3764 740 3864 dignam
777 3766 994 3840 filiam
1028 3823 1053 3857 ‚
1099 3768 1198 3840 ita
1231 3761 1647 3862 provocabit
1671 3813 1698 3853 ,
1747 3783 1833 3838 ut
1866 3763 2045 3837 hanc
2076 3786 2207 3856 pro
2225 3782 2361 3832 una
2394 3782 2472 3830 ac
2494 3757 2679 3856 legi-

195 3859 374 3938 tima
387 3861 900 3942 sennonum‘de
925 3862 1136 3940 rebus
1171 3861 1644 3966 spiritualibus
1673 3885 1754 3935 ac
1773 3859 2053 3938 aeternis
2072 3857 2461 3954 Interprete
2482 3904 2509 3947 ,
2530 3856 2681 4022 imol

1386 3984 1427 4034 c
1443 3983 1480 4034 c
1499 3983 1540 4033 c
1595 3983 1634 4032 c
1651 3981 1693 4032 c
2572 3974 2655 4030 ve
