<?xml version="1.0" encoding="UTF-8"?>
<!DOCTYPE html PUBLIC "-//W3C//DTD XHTML 1.0 Transitional//EN"
    "http://www.w3.org/TR/xhtml1/DTD/xhtml1-transitional.dtd">
<html xmlns="http://www.w3.org/1999/xhtml" xml:lang="en" lang="en">
 <head>
  <title>
</title>
<meta http-equiv="Content-Type" content="text/html;charset=utf-8" />
  <meta name='ocr-system' content='tesseract 3.04.00' />
  <meta name='ocr-capabilities' content='ocr_page ocr_carea ocr_par ocr_line ocrx_word'/>
</head>
<body>
  <div class='ocr_page' id='page_1' title='image "./petripoiretdeer00poirgoog_0784.png"; bbox 0 0 3552 4592; ppageno 0'>
   <div class='ocr_carea' id='block_1_1' title="bbox 867 120 2729 285">
    <p class='ocr_par' dir='ltr' id='par_1_1' title="bbox 867 120 2729 285">
     <span class='ocr_line' id='line_1_1' title="bbox 867 120 2729 285; baseline 0.001 -34"><span class='ocrx_word' id='word_1_1' title='bbox 867 120 1989 283; x_wconf 13' lang='lat' dir='ltr'>Confiderationesspecialiora.⁴</span> <span class='ocrx_word' id='word_1_2' title='bbox 2034 196 2155 285; x_wconf 81' lang='lat'>24.</span> <span class='ocrx_word' id='word_1_3' title='bbox 2570 172 2729 279; x_wconf 75' lang='lat'>765·</span> 
     </span>
    </p>
   </div>
   <div class='ocr_carea' id='block_1_2' title="bbox 160 315 3089 4092">
    <p class='ocr_par' dir='ltr' id='par_1_2' title="bbox 228 315 2781 1576">
     <span class='ocr_line' id='line_1_2' title="bbox 244 315 2732 415; baseline -0.002 -22"><span class='ocrx_word' id='word_1_4' title='bbox 244 344 489 394; x_wconf 79' lang='lat' dir='ltr'>aeternae.</span> <span class='ocrx_word' id='word_1_5' title='bbox 587 316 808 391; x_wconf 87' lang='lat' dir='ltr'>Hunc</span> <span class='ocrx_word' id='word_1_6' title='bbox 849 315 984 391; x_wconf 83' lang='lat' dir='ltr'>effe</span> <span class='ocrx_word' id='word_1_7' title='bbox 1009 319 1266 411; x_wconf 73' lang='lat' dir='ltr'><em>fidelem</em></span> <span class='ocrx_word' id='word_1_8' title='bbox 1288 321 1628 414; x_wconf 81' lang='lat' dir='ltr'>sermonem</span> <span class='ocrx_word' id='word_1_9' title='bbox 1662 377 1684 409; x_wconf 86' lang='lat'>,</span> <span class='ocrx_word' id='word_1_10' title='bbox 1737 321 1858 415; x_wconf 85' lang='lat' dir='ltr'>qui</span> <span class='ocrx_word' id='word_1_11' title='bbox 1894 318 2132 393; x_wconf 89' lang='lat' dir='ltr'>haberi</span> <span class='ocrx_word' id='word_1_12' title='bbox 2162 317 2425 407; x_wconf 78' lang='lat' dir='ltr'>debeat</span> <span class='ocrx_word' id='word_1_13' title='bbox 2450 345 2466 390; x_wconf 75' lang='grc' dir='ltr'>ε</span> <span class='ocrx_word' id='word_1_14' title='bbox 2491 321 2600 389; x_wconf 82' lang='lat' dir='ltr'>-de</span> <span class='ocrx_word' id='word_1_15' title='bbox 2634 323 2732 391; x_wconf 78' lang='lat' dir='ltr'>his</span> 
     </span>
     <span class='ocr_line' id='line_1_3' title="bbox 241 415 2730 515; baseline -0.001 -24"><span class='ocrx_word' id='word_1_16' title='bbox 241 439 570 515; x_wconf 80' lang='lat' dir='ltr'>oportere</span> <span class='ocrx_word' id='word_1_17' title='bbox 609 415 926 489; x_wconf 83' lang='lat' dir='ltr'>homines</span> <span class='ocrx_word' id='word_1_18' title='bbox 961 417 1317 507; x_wconf 77' lang='lat' dir='ltr'>certosfieri</span> <span class='ocrx_word' id='word_1_19' title='bbox 1341 473 1363 507; x_wconf 89' lang='lat'>‚</span> <span class='ocrx_word' id='word_1_20' title='bbox 1415 419 1568 490; x_wconf 85' lang='lat' dir='ltr'>haec</span> <span class='ocrx_word' id='word_1_21' title='bbox 1592 417 1724 489; x_wconf 82' lang='lat' dir='ltr'>illis</span> <span class='ocrx_word' id='word_1_22' title='bbox 1753 418 2201 491; x_wconf 57' lang='lat' dir='ltr'>inculcari-0⁶·</span> <span class='ocrx_word' id='word_1_23' title='bbox 2226 418 2595 507; x_wconf 76' lang='lat' dir='ltr'>affeverari3</span> <span class='ocrx_word' id='word_1_24' title='bbox 2647 437 2730 489; x_wconf 84' lang='lat' dir='ltr'>ut</span> 
     </span>
     <span class='ocr_line' id='line_1_4' title="bbox 242 512 2728 611; baseline -0.001 -27"><span class='ocrx_word' id='word_1_25' title='bbox 242 540 452 587; x_wconf 83' lang='lat' dir='ltr'>curent</span> <span class='ocrx_word' id='word_1_26' title='bbox 489 516 652 584; x_wconf 86' lang='lat' dir='ltr'>bonis</span> <span class='ocrx_word' id='word_1_27' title='bbox 689 514 956 610; x_wconf 77' lang='lat' dir='ltr'>operibus</span> <span class='ocrx_word' id='word_1_28' title='bbox 991 534 1274 611; x_wconf 79' lang='lat' dir='ltr'>operar-n</span> <span class='ocrx_word' id='word_1_29' title='bbox 1305 512 1469 586; x_wconf 84' lang='lat' dir='ltr'>dare</span> <span class='ocrx_word' id='word_1_30' title='bbox 1518 538 1596 585; x_wconf 84' lang='lat' dir='ltr'>ac</span> <span class='ocrx_word' id='word_1_31' title='bbox 1635 516 1875 609; x_wconf 68' lang='lat' dir='ltr'>praeeffb.</span> <span class='ocrx_word' id='word_1_32' title='bbox 1891 523 1991 610; x_wconf 79' lang='lat' dir='ltr'>qut&#39;</span> <span class='ocrx_word' id='word_1_33' title='bbox 2020 517 2272 585; x_wconf 83' lang='lat' dir='ltr'>credunt</span> <span class='ocrx_word' id='word_1_34' title='bbox 2308 518 2476 585; x_wconf 88' lang='lat' dir='ltr'>Deo.</span> <span class='ocrx_word' id='word_1_35' title='bbox 2571 518 2728 583; x_wconf 76' lang='lat' dir='ltr'>Haec</span> 
     </span>
     <span class='ocr_line' id='line_1_5' title="bbox 244 608 2728 685; baseline -0.001 -1"><span class='ocrx_word' id='word_1_36' title='bbox 244 612 572 685; x_wconf 77' lang='lat' dir='ltr'>exercitia</span> <span class='ocrx_word' id='word_1_37' title='bbox 605 633 684 681; x_wconf 81' lang='lat' dir='ltr'>ac</span> <span class='ocrx_word' id='word_1_38' title='bbox 727 608 945 681; x_wconf 83' lang='lat' dir='ltr'>studia</span> <span class='ocrx_word' id='word_1_39' title='bbox 981 610 1118 681; x_wconf 81' lang='lat' dir='ltr'>effe</span> <span class='ocrx_word' id='word_1_40' title='bbox 1159 630 1320 680; x_wconf 87' lang='lat' dir='ltr'>vere</span> <span class='ocrx_word' id='word_1_41' title='bbox 1358 612 1514 681; x_wconf 79' lang='lat' dir='ltr'><em>bona</em></span> <span class='ocrx_word' id='word_1_42' title='bbox 1542 630 1638 682; x_wconf 60' lang='grc' dir='ltr'>εν</span> <span class='ocrx_word' id='word_1_43' title='bbox 1673 614 1855 680; x_wconf 77' lang='lat' dir='ltr'>utilia</span> <span class='ocrx_word' id='word_1_44' title='bbox 1882 610 2209 682; x_wconf 63' lang='lat' dir='ltr'>hominibus</span> <span class='ocrx_word' id='word_1_45' title='bbox 2240 635 2262 677; x_wconf 88' lang='lat'>:</span> <span class='ocrx_word' id='word_1_46' title='bbox 2316 630 2465 680; x_wconf 90' lang='lat' dir='ltr'>non</span> <span class='ocrx_word' id='word_1_47' title='bbox 2497 629 2728 681; x_wconf 87' lang='lat' dir='ltr'>autem</span> 
     </span>
     <span class='ocr_line' id='line_1_6' title="bbox 228 701 2728 805; baseline -0.002 -24"><span class='ocrx_word' id='word_1_48' title='bbox 228 710 440 805; x_wconf 69' lang='lat' dir='ltr'>stultos</span> <span class='ocrx_word' id='word_1_49' title='bbox 469 706 622 779; x_wconf 84' lang='lat' dir='ltr'>istas</span> <span class='ocrx_word' id='word_1_50' title='bbox 652 701 984 801; x_wconf 70' lang='lat' dir='ltr'>questiones</span> <span class='ocrx_word' id='word_1_51' title='bbox 1032 730 1110 778; x_wconf 88' lang='lat' dir='ltr'>ac</span> <span class='ocrx_word' id='word_1_52' title='bbox 1153 715 1556 781; x_wconf 82' lang='lat' dir='ltr'><em>contentiones</em></span> <span class='ocrx_word' id='word_1_53' title='bbox 1605 706 1692 778; x_wconf 88' lang='lat' dir='ltr'>de</span> <span class='ocrx_word' id='word_1_54' title='bbox 1739 705 1899 803; x_wconf 83' lang='lat' dir='ltr'>-lege</span> <span class='ocrx_word' id='word_1_55' title='bbox 1951 730 2029 778; x_wconf 87' lang='lat' dir='ltr'>ac</span> <span class='ocrx_word' id='word_1_56' title='bbox 2078 707 2271 779; x_wconf 87' lang='lat' dir='ltr'>litera</span> <span class='ocrx_word' id='word_1_57' title='bbox 2324 705 2728 802; x_wconf 67' lang='lat' dir='ltr'>scripturae,</span> 
     </span>
     <span class='ocr_line' id='line_1_7' title="bbox 243 800 2729 902; baseline -0.002 -26"><span class='ocrx_word' id='word_1_58' title='bbox 243 812 476 900; x_wconf 83' lang='lat' dir='ltr'><em>Legem</em></span> <span class='ocrx_word' id='word_1_59' title='bbox 493 803 778 899; x_wconf 87' lang='lat' dir='ltr'>quidem</span> <span class='ocrx_word' id='word_1_60' title='bbox 802 827 880 874; x_wconf 87' lang='lat' dir='ltr'>ac</span> <span class='ocrx_word' id='word_1_61' title='bbox 905 804 1334 898; x_wconf 84' lang='lat' dir='ltr'>Scripturam</span> <span class='ocrx_word' id='word_1_62' title='bbox 1353 851 1378 891; x_wconf 85' lang='lat'>‚</span> <span class='ocrx_word' id='word_1_63' title='bbox 1403 807 1461 897; x_wconf 84' lang='lat' dir='ltr'><strong><em>fi</em></strong></span> <span class='ocrx_word' id='word_1_64' title='bbox 1480 810 1610 902; x_wconf 82' lang='lat' dir='ltr'>quis</span> <span class='ocrx_word' id='word_1_65' title='bbox 1633 807 1899 897; x_wconf 84' lang='lat' dir='ltr'><em>legitime</em></span> <span class='ocrx_word' id='word_1_66' title='bbox 1927 829 1999 871; x_wconf 83' lang='lat' dir='ltr'>ea</span> <span class='ocrx_word' id='word_1_67' title='bbox 2021 829 2229 873; x_wconf 80' lang='lat' dir='ltr'>utatur</span> <span class='ocrx_word' id='word_1_68' title='bbox 2248 851 2273 890; x_wconf 81' lang='lat'><strong>‚</strong></span> <span class='ocrx_word' id='word_1_69' title='bbox 2305 800 2440 875; x_wconf 83' lang='lat' dir='ltr'>effe</span> <span class='ocrx_word' id='word_1_70' title='bbox 2471 810 2729 894; x_wconf 76' lang='lat' dir='ltr'><em>bonam,</em></span> 
     </span>
     <span class='ocr_line' id='line_1_8' title="bbox 245 894 2729 995; baseline -0.002 -22"><span class='ocrx_word' id='word_1_71' title='bbox 245 901 456 995; x_wconf 84' lang='lat' dir='ltr'>idque</span> <span class='ocrx_word' id='word_1_72' title='bbox 479 922 627 971; x_wconf 90' lang='lat' dir='ltr'>tum</span> <span class='ocrx_word' id='word_1_73' title='bbox 663 896 900 995; x_wconf 85' lang='lat' dir='ltr'>probis</span> <span class='ocrx_word' id='word_1_74' title='bbox 928 921 1078 969; x_wconf 87' lang='lat' dir='ltr'>tum</span> <span class='ocrx_word' id='word_1_75' title='bbox 1105 899 1479 994; x_wconf 81' lang='lat' dir='ltr'>improbis3</span> <span class='ocrx_word' id='word_1_76' title='bbox 1517 898 1752 995; x_wconf 85' lang='lat' dir='ltr'>probis</span> <span class='ocrx_word' id='word_1_77' title='bbox 1775 922 1855 972; x_wconf 82' lang='lat' dir='ltr'>ac</span> <span class='ocrx_word' id='word_1_78' title='bbox 1881 897 2081 995; x_wconf 86' lang='lat' dir='ltr'>justis</span> <span class='ocrx_word' id='word_1_79' title='bbox 2105 900 2392 995; x_wconf 86' lang='lat' dir='ltr'>quidem</span> <span class='ocrx_word' id='word_1_80' title='bbox 2423 898 2561 970; x_wconf 79' lang='lat' dir='ltr'>ess&#39;e</span> <span class='ocrx_word' id='word_1_81' title='bbox 2599 894 2729 969; x_wconf 91' lang='lat' dir='ltr'>bo-</span> 
     </span>
     <span class='ocr_line' id='line_1_9' title="bbox 239 992 2733 1093; baseline -0.001 -23"><span class='ocrx_word' id='word_1_82' title='bbox 239 1021 404 1070; x_wconf 84' lang='lat' dir='ltr'>nam</span> <span class='ocrx_word' id='word_1_83' title='bbox 438 996 510 1067; x_wconf 89' lang='lat' dir='ltr'>in</span> <span class='ocrx_word' id='word_1_84' title='bbox 541 995 685 1067; x_wconf 80' lang='lat' dir='ltr'>fine</span> <span class='ocrx_word' id='word_1_85' title='bbox 717 997 792 1069; x_wconf 84' lang='lat'>&amp;</span> <span class='ocrx_word' id='word_1_86' title='bbox 824 998 898 1068; x_wconf 88' lang='lat' dir='ltr'>in</span> <span class='ocrx_word' id='word_1_87' title='bbox 923 994 1133 1090; x_wconf 87' lang='lat' dir='ltr'>scopo</span> <span class='ocrx_word' id='word_1_88' title='bbox 1161 996 1286 1067; x_wconf 91' lang='lat' dir='ltr'>suo</span> <span class='ocrx_word' id='word_1_89' title='bbox 1312 1053 1334 1087; x_wconf 87' lang='lat'>‚</span> <span class='ocrx_word' id='word_1_90' title='bbox 1387 998 1460 1069; x_wconf 89' lang='lat' dir='ltr'>in</span> <span class='ocrx_word' id='word_1_91' title='bbox 1487 1022 1640 1093; x_wconf 89' lang='lat' dir='ltr'>quo·</span> <span class='ocrx_word' id='word_1_92' title='bbox 1669 992 1835 1067; x_wconf 69' lang='lat' dir='ltr'>vero</span> <span class='ocrx_word' id='word_1_93' title='bbox 1870 994 2006 1066; x_wconf 87' lang='lat' dir='ltr'>sese</span> <span class='ocrx_word' id='word_1_94' title='bbox 2041 996 2545 1068; x_wconf 76' lang='lat' dir='ltr'>illi&#39;exerceant</span> <span class='ocrx_word' id='word_1_95' title='bbox 2578 1050 2600 1085; x_wconf 93' lang='lat'>‚</span> <span class='ocrx_word' id='word_1_96' title='bbox 2652 994 2733 1068; x_wconf 80' lang='lat' dir='ltr'>in·</span> 
     </span>
     <span class='ocr_line' id='line_1_10' title="bbox 243 1092 2723 1192; baseline 0 -27"><span class='ocrx_word' id='word_1_97' title='bbox 243 1118 474 1189; x_wconf 79' lang='lat' dir='ltr'>eoque</span> <span class='ocrx_word' id='word_1_98' title='bbox 511 1112 1062 1187; x_wconf 82' lang='lat' dir='ltr'>promoveantur</span> <span class='ocrx_word' id='word_1_99' title='bbox 1087 1150 1117 1183; x_wconf 79' lang='grc'><strong>,</strong></span> <span class='ocrx_word' id='word_1_100' title='bbox 1163 1114 1478 1165; x_wconf 78' lang='lat' dir='ltr'>maneant</span> <span class='ocrx_word' id='word_1_101' title='bbox 1519 1096 1590 1165; x_wconf 86' lang='lat'>&amp;</span> <span class='ocrx_word' id='word_1_102' title='bbox 1628 1093 2025 1192; x_wconf 85' lang='lat' dir='ltr'>glorientur</span> <span class='ocrx_word' id='word_1_103' title='bbox 2059 1118 2091 1180; x_wconf 81' lang='lat'>3.</span> <span class='ocrx_word' id='word_1_104' title='bbox 2134 1115 2277 1163; x_wconf 87' lang='lat' dir='ltr'>non</span> <span class='ocrx_word' id='word_1_105' title='bbox 2314 1092 2407 1165; x_wconf 88' lang='lat' dir='ltr'>ita</span> <span class='ocrx_word' id='word_1_106' title='bbox 2437 1094 2505 1163; x_wconf 89' lang='lat' dir='ltr'>in</span> <span class='ocrx_word' id='word_1_107' title='bbox 2547 1092 2723 1188; x_wconf 83' lang='lat' dir='ltr'>legis</span> 
     </span>
     <span class='ocr_line' id='line_1_11' title="bbox 243 1187 2727 1285; baseline -0.002 -22"><span class='ocrx_word' id='word_1_108' title='bbox 243 1191 444 1263; x_wconf 79' lang='lat' dir='ltr'>litera</span> <span class='ocrx_word' id='word_1_109' title='bbox 466 1246 488 1280; x_wconf 88' lang='lat'><strong>‚</strong></span> <span class='ocrx_word' id='word_1_110' title='bbox 541 1213 696 1285; x_wconf 84' lang='lat' dir='ltr'>quae</span> <span class='ocrx_word' id='word_1_111' title='bbox 719 1187 876 1283; x_wconf 81' lang='lat' dir='ltr'><em>justo</em></span> <span class='ocrx_word' id='word_1_112' title='bbox 923 1190 1019 1279; x_wconf 85' lang='lat' dir='ltr'>(ei</span> <span class='ocrx_word' id='word_1_113' title='bbox 1043 1189 1166 1284; x_wconf 87' lang='lat' dir='ltr'>qui</span> <span class='ocrx_word' id='word_1_114' title='bbox 1191 1190 1400 1261; x_wconf 86' lang='lat' dir='ltr'>habet</span> <span class='ocrx_word' id='word_1_115' title='bbox 1431 1191 1766 1285; x_wconf 87' lang='lat' dir='ltr'>Spiritum</span> <span class='ocrx_word' id='word_1_116' title='bbox 1779 1190 2047 1283; x_wconf 87' lang='lat' dir='ltr'>justum</span> <span class='ocrx_word' id='word_1_117' title='bbox 2070 1211 2147 1261; x_wconf 87' lang='lat' dir='ltr'>ac</span> <span class='ocrx_word' id='word_1_118' title='bbox 2166 1188 2493 1263; x_wconf 63' lang='lat' dir='ltr'>Sanctum</span> <span class='ocrx_word' id='word_1_119' title='bbox 2510 1189 2727 1261; x_wconf 85' lang='lat' dir='ltr'>Chri-</span> 
     </span>
     <span class='ocr_line' id='line_1_12' title="bbox 243 1264 2723 1383; baseline -0.001 -24"><span class='ocrx_word' id='word_1_120' title='bbox 243 1287 330 1359; x_wconf 91' lang='lat' dir='ltr'>sti</span> <span class='ocrx_word' id='word_1_121' title='bbox 358 1342 380 1377; x_wconf 93' lang='lat'>‚</span> <span class='ocrx_word' id='word_1_122' title='bbox 433 1287 856 1381; x_wconf 83' lang='lat' dir='ltr'>scopumque</span> <span class='ocrx_word' id='word_1_123' title='bbox 905 1264 1120 1383; x_wconf 72' lang='lat' dir='ltr'>legi5‚</span> <span class='ocrx_word' id='word_1_124' title='bbox 1155 1286 1180 1369; x_wconf 90' lang='lat'><em>)</em></span> <span class='ocrx_word' id='word_1_125' title='bbox 1234 1314 1352 1355; x_wconf 78' lang='lat' dir='ltr'>non</span> <span class='ocrx_word' id='word_1_126' title='bbox 1393 1286 1480 1376; x_wconf 88' lang='lat' dir='ltr'>est</span> <span class='ocrx_word' id='word_1_127' title='bbox 1508 1290 1664 1358; x_wconf 82' lang='lat' dir='ltr'>data</span> <span class='ocrx_word' id='word_1_128' title='bbox 1699 1310 1779 1358; x_wconf 88' lang='lat' dir='ltr'>ac</span> <span class='ocrx_word' id='word_1_129' title='bbox 1814 1285 2032 1382; x_wconf 76' lang='lat' dir='ltr'>posita</span> <span class='ocrx_word' id='word_1_130' title='bbox 2069 1305 2149 1357; x_wconf 90' lang='lat' dir='ltr'>ut</span> <span class='ocrx_word' id='word_1_131' title='bbox 2186 1283 2253 1357; x_wconf 89' lang='lat' dir='ltr'>se</span> <span class='ocrx_word' id='word_1_132' title='bbox 2302 1287 2595 1381; x_wconf 85' lang='lat' dir='ltr'>amplius</span> <span class='ocrx_word' id='word_1_133' title='bbox 2651 1286 2723 1358; x_wconf 83' lang='lat' dir='ltr'>in</span> 
     </span>
     <span class='ocr_line' id='line_1_13' title="bbox 239 1381 2722 1480; baseline -0 -27"><span class='ocrx_word' id='word_1_134' title='bbox 239 1382 440 1455; x_wconf 83' lang='lat' dir='ltr'>litera</span> <span class='ocrx_word' id='word_1_135' title='bbox 468 1384 668 1480; x_wconf 83' lang='lat' dir='ltr'>legis,</span> <span class='ocrx_word' id='word_1_136' title='bbox 693 1402 846 1452; x_wconf 87' lang='lat' dir='ltr'>tum</span> <span class='ocrx_word' id='word_1_137' title='bbox 873 1381 940 1451; x_wconf 86' lang='lat' dir='ltr'>in</span> <span class='ocrx_word' id='word_1_138' title='bbox 973 1382 1466 1477; x_wconf 82' lang='lat' dir='ltr'>quaestionibus</span> <span class='ocrx_word' id='word_1_139' title='bbox 1483 1384 1568 1455; x_wconf 89' lang='lat' dir='ltr'>de</span> <span class='ocrx_word' id='word_1_140' title='bbox 1585 1409 1660 1455; x_wconf 84' lang='lat' dir='ltr'>ea</span> <span class='ocrx_word' id='word_1_141' title='bbox 1688 1382 1959 1455; x_wconf 85' lang='lat' dir='ltr'>levibus</span> <span class='ocrx_word' id='word_1_142' title='bbox 1979 1406 2059 1453; x_wconf 88' lang='lat' dir='ltr'>ac</span> <span class='ocrx_word' id='word_1_143' title='bbox 2088 1381 2409 1455; x_wconf 83' lang='lat' dir='ltr'>inanibus</span> <span class='ocrx_word' id='word_1_144' title='bbox 2432 1382 2722 1479; x_wconf 82' lang='lat' dir='ltr'>fatiget:</span> 
     </span>
     <span class='ocr_line' id='line_1_14' title="bbox 298 1476 2781 1576; baseline -0.001 -26"><span class='ocrx_word' id='word_1_145' title='bbox 298 1501 584 1551; x_wconf 84' lang='lat' dir='ltr'>uantum.</span> <span class='ocrx_word' id='word_1_146' title='bbox 609 1476 784 1550; x_wconf 75' lang='lat' dir='ltr'>vero</span> <span class='ocrx_word' id='word_1_147' title='bbox 811 1478 894 1548; x_wconf 81' lang='lat' dir='ltr'>ad</span> <span class='ocrx_word' id='word_1_148' title='bbox 925 1478 1282 1573; x_wconf 86' lang='lat' dir='ltr'>improbos</span> <span class='ocrx_word' id='word_1_149' title='bbox 1311 1502 1390 1551; x_wconf 86' lang='lat' dir='ltr'>ac</span> <span class='ocrx_word' id='word_1_150' title='bbox 1418 1484 1657 1570; x_wconf 64' lang='lat' dir='ltr'>injustos</span> <span class='ocrx_word' id='word_1_151' title='bbox 1683 1479 1799 1576; x_wconf 88' lang='lat' dir='ltr'>qui</span> <span class='ocrx_word' id='word_1_152' title='bbox 1826 1478 2143 1573; x_wconf 82' lang='lat' dir='ltr'>spiritum</span> <span class='ocrx_word' id='word_1_153' title='bbox 2184 1477 2611 1575; x_wconf 84' lang='lat' dir='ltr'>scopumque</span> <span class='ocrx_word' id='word_1_154' title='bbox 2641 1501 2719 1549; x_wconf 86' lang='lat' dir='ltr'>ac</span> <span class='ocrx_word' id='word_1_155' title='bbox 2770 1518 2781 1531; x_wconf 94' lang='lat'><strong>·</strong></span> 
     </span>
    </p>

    <p class='ocr_par' dir='ltr' id='par_1_3' title="bbox 160 1504 3089 3700">
     <span class='ocr_line' id='line_1_15' title="bbox 241 1504 2721 1674; baseline -0.001 -27"><span class='ocrx_word' id='word_1_156' title='bbox 241 1504 668 1671; x_wconf 54' lang='lat' dir='ltr'>Enemlegis</span> <span class='ocrx_word' id='word_1_157' title='bbox 703 1598 850 1646; x_wconf 85' lang='lat' dir='ltr'>non</span> <span class='ocrx_word' id='word_1_158' title='bbox 885 1574 1218 1671; x_wconf 79' lang='lat' dir='ltr'>postident</span> <span class='ocrx_word' id='word_1_159' title='bbox 1243 1628 1264 1659; x_wconf 88' lang='lat'>‚</span> <span class='ocrx_word' id='word_1_160' title='bbox 1311 1600 1555 1648; x_wconf 89' lang='lat' dir='ltr'>eorum</span> <span class='ocrx_word' id='word_1_161' title='bbox 1587 1575 1901 1671; x_wconf 73' lang='lat' dir='ltr'>respeEtu</span> <span class='ocrx_word' id='word_1_162' title='bbox 1933 1576 2156 1674; x_wconf 80' lang='lat' dir='ltr'>legem</span> <span class='ocrx_word' id='word_1_163' title='bbox 2188 1576 2320 1649; x_wconf 80' lang='lat' dir='ltr'>effe</span> <span class='ocrx_word' id='word_1_164' title='bbox 2360 1575 2609 1647; x_wconf 88' lang='lat' dir='ltr'>bonam</span> <span class='ocrx_word' id='word_1_165' title='bbox 2669 1572 2721 1645; x_wconf 85' lang='lat' dir='ltr'>fi</span> 
     </span>
     <span class='ocr_line' id='line_1_16' title="bbox 243 1669 2715 1770; baseline -0.002 -25"><span class='ocrx_word' id='word_1_166' title='bbox 243 1673 400 1770; x_wconf 84' lang='lat' dir='ltr'>quis</span> <span class='ocrx_word' id='word_1_167' title='bbox 433 1671 520 1743; x_wconf 85' lang='lat' dir='ltr'>ad</span> <span class='ocrx_word' id='word_1_168' title='bbox 565 1669 702 1765; x_wconf 77' lang='lat' dir='ltr'>ipsa</span> <span class='ocrx_word' id='word_1_169' title='bbox 737 1694 974 1743; x_wconf 87' lang='lat' dir='ltr'>eorum</span> <span class='ocrx_word' id='word_1_170' title='bbox 1007 1693 1285 1764; x_wconf 85' lang='lat' dir='ltr'>peccata</span> <span class='ocrx_word' id='word_1_171' title='bbox 1309 1692 1516 1768; x_wconf 78' lang='lat' dir='ltr'>atque</span> <span class='ocrx_word' id='word_1_172' title='bbox 1555 1695 1766 1743; x_wconf 86' lang='lat' dir='ltr'>omne</span> <span class='ocrx_word' id='word_1_173' title='bbox 1803 1672 1873 1743; x_wconf 86' lang='lat' dir='ltr'>id</span> <span class='ocrx_word' id='word_1_174' title='bbox 1905 1673 2096 1768; x_wconf 88' lang='lat' dir='ltr'>quod</span> <span class='ocrx_word' id='word_1_175' title='bbox 2114 1674 2275 1765; x_wconf 68' lang='lat' dir='ltr'>simae</span> <span class='ocrx_word' id='word_1_176' title='bbox 2304 1696 2385 1743; x_wconf 82' lang='lat' dir='ltr'>ac</span> <span class='ocrx_word' id='word_1_177' title='bbox 2413 1669 2715 1744; x_wconf 63' lang='lat' dir='ltr'>sanctifi·</span> 
     </span>
     <span class='ocr_line' id='line_1_17' title="bbox 247 1766 2723 1859; baseline -0.001 -18"><span class='ocrx_word' id='word_1_178' title='bbox 247 1768 434 1841; x_wconf 88' lang='lat' dir='ltr'>canti</span> <span class='ocrx_word' id='word_1_179' title='bbox 459 1771 736 1837; x_wconf 62' lang='lat' dir='ltr'>doti-rim</span> <span class='ocrx_word' id='word_1_180' title='bbox 771 1770 1136 1859; x_wconf 78' lang='lat' dir='ltr'>adversetur</span> <span class='ocrx_word' id='word_1_181' title='bbox 1171 1769 1558 1840; x_wconf 65' lang='lat' dir='ltr'>coErcenda</span> <span class='ocrx_word' id='word_1_182' title='bbox 1594 1770 1670 1842; x_wconf 84' lang='lat'>&amp;</span> <span class='ocrx_word' id='word_1_183' title='bbox 1708 1766 2113 1853; x_wconf 80' lang='lat' dir='ltr'>refrenanda</span> <span class='ocrx_word' id='word_1_184' title='bbox 2151 1788 2400 1841; x_wconf 88' lang='lat' dir='ltr'>utatur.</span> <span class='ocrx_word' id='word_1_185' title='bbox 2505 1768 2723 1839; x_wconf 83' lang='lat' dir='ltr'>Extra</span> 
     </span>
     <span class='ocr_line' id='line_1_18' title="bbox 247 1862 2723 1961; baseline -0.002 -23"><span class='ocrx_word' id='word_1_186' title='bbox 247 1888 428 1961; x_wconf 88' lang='lat' dir='ltr'>quos</span> <span class='ocrx_word' id='word_1_187' title='bbox 458 1863 632 1953; x_wconf 87' lang='lat' dir='ltr'>duos</span> <span class='ocrx_word' id='word_1_188' title='bbox 668 1863 846 1961; x_wconf 78' lang='lat' dir='ltr'>legis</span> <span class='ocrx_word' id='word_1_189' title='bbox 878 1886 958 1935; x_wconf 84' lang='lat' dir='ltr'>ac</span> <span class='ocrx_word' id='word_1_190' title='bbox 983 1864 1369 1960; x_wconf 82' lang='lat' dir='ltr'>Scripturae</span> <span class='ocrx_word' id='word_1_191' title='bbox 1406 1864 1563 1936; x_wconf 86' lang='lat' dir='ltr'>usus</span> <span class='ocrx_word' id='word_1_192' title='bbox 1597 1889 1622 1951; x_wconf 88' lang='lat'>·,</span> <span class='ocrx_word' id='word_1_193' title='bbox 1671 1865 1807 1936; x_wconf 90' lang='lat' dir='ltr'>hoc</span> <span class='ocrx_word' id='word_1_194' title='bbox 1836 1863 1973 1949; x_wconf 85' lang='lat' dir='ltr'>est,</span> <span class='ocrx_word' id='word_1_195' title='bbox 2016 1884 2209 1935; x_wconf 77' lang='lat' dir='ltr'>extra</span> <span class='ocrx_word' id='word_1_196' title='bbox 2245 1862 2723 1960; x_wconf 84' lang='lat' dir='ltr'>qu-aefitionem</span> 
     </span>
     <span class='ocr_line' id='line_1_19' title="bbox 247 1958 2727 2059; baseline -0.002 -24"><span class='ocrx_word' id='word_1_197' title='bbox 247 1963 322 2035; x_wconf 70' lang='grc' dir='ltr'>ὅ(</span> <span class='ocrx_word' id='word_1_198' title='bbox 351 1960 948 2059; x_wconf 82' lang='lat' dir='ltr'>participationem</span> <span class='ocrx_word' id='word_1_199' title='bbox 980 1958 1184 2050; x_wconf 83' lang='lat' dir='ltr'>finis,</span> <span class='ocrx_word' id='word_1_200' title='bbox 1237 1960 1426 2054; x_wconf 88' lang='lat' dir='ltr'>scopi</span> <span class='ocrx_word' id='word_1_201' title='bbox 1463 1980 1671 2057; x_wconf 84' lang='lat' dir='ltr'>atque</span> <span class='ocrx_word' id='word_1_202' title='bbox 1701 1959 1975 2055; x_wconf 84' lang='lat' dir='ltr'>spiritus</span> <span class='ocrx_word' id='word_1_203' title='bbox 2010 1958 2221 2055; x_wconf 85' lang='lat' dir='ltr'>ipfius</span> <span class='ocrx_word' id='word_1_204' title='bbox 2244 2017 2269 2050; x_wconf 85' lang='lat'><strong>,</strong></span> <span class='ocrx_word' id='word_1_205' title='bbox 2318 1960 2570 2031; x_wconf 78' lang='lat' dir='ltr'>deinde</span> <span class='ocrx_word' id='word_1_206' title='bbox 2604 1982 2727 2030; x_wconf 72' lang='lat' dir='ltr'>ex-</span> 
     </span>
     <span class='ocr_line' id='line_1_20' title="bbox 247 2054 2727 2154; baseline -0.002 -23"><span class='ocrx_word' id='word_1_207' title='bbox 247 2078 354 2131; x_wconf 84' lang='lat' dir='ltr'>tra</span> <span class='ocrx_word' id='word_1_208' title='bbox 388 2058 543 2154; x_wconf 81' lang='lat' dir='ltr'>ejus</span> <span class='ocrx_word' id='word_1_209' title='bbox 589 2057 804 2128; x_wconf 84' lang='lat' dir='ltr'>literae</span> <span class='ocrx_word' id='word_1_210' title='bbox 845 2054 978 2129; x_wconf 85' lang='lat' dir='ltr'>five</span> <span class='ocrx_word' id='word_1_211' title='bbox 1015 2056 1296 2130; x_wconf 86' lang='lat' dir='ltr'>literalis</span> <span class='ocrx_word' id='word_1_212' title='bbox 1332 2057 1562 2130; x_wconf 86' lang='lat' dir='ltr'>sensus</span> <span class='ocrx_word' id='word_1_213' title='bbox 1603 2057 2136 2153; x_wconf 83' lang='lat' dir='ltr'>applicationem</span> <span class='ocrx_word' id='word_1_214' title='bbox 2172 2056 2255 2127; x_wconf 88' lang='lat' dir='ltr'>ad</span> <span class='ocrx_word' id='word_1_215' title='bbox 2296 2074 2575 2152; x_wconf 88' lang='lat' dir='ltr'>peccata</span> <span class='ocrx_word' id='word_1_216' title='bbox 2598 2054 2727 2127; x_wconf 88' lang='lat' dir='ltr'>im-</span> 
     </span>
     <span class='ocr_line' id='line_1_21' title="bbox 246 2152 3063 2253; baseline 0.001 -27"><span class='ocrx_word' id='word_1_217' title='bbox 246 2154 628 2253; x_wconf 76' lang='lat' dir='ltr'>proborum</span> <span class='ocrx_word' id='word_1_218' title='bbox 654 2153 1038 2225; x_wconf 77' lang='lat' dir='ltr'>coe&#39;rcenda</span> <span class='ocrx_word' id='word_1_219' title='bbox 1062 2210 1084 2245; x_wconf 91' lang='lat'><strong>,</strong></span> <span class='ocrx_word' id='word_1_220' title='bbox 1115 2155 1176 2247; x_wconf 84' lang='lat' dir='ltr'><em>fi</em></span> <span class='ocrx_word' id='word_1_221' title='bbox 1207 2162 1340 2252; x_wconf 78' lang='lat' dir='ltr'>q‘uis</span> <span class='ocrx_word' id='word_1_222' title='bbox 1366 2156 1542 2225; x_wconf 82' lang='lat' dir='ltr'>aliud</span> <span class='ocrx_word' id='word_1_223' title='bbox 1571 2156 1746 2225; x_wconf 86' lang='lat' dir='ltr'>docet</span> <span class='ocrx_word' id='word_1_224' title='bbox 1782 2164 2103 2248; x_wconf 81' lang='lat' dir='ltr'>tanquam</span> <span class='ocrx_word' id='word_1_225' title='bbox 2138 2152 2249 2225; x_wconf 89' lang='lat' dir='ltr'>vel</span> <span class='ocrx_word' id='word_1_226' title='bbox 2277 2152 2725 2227; x_wconf 82' lang='lat' dir='ltr'>necessarium</span> <span class='ocrx_word' id='word_1_227' title='bbox 2768 2200 2788 2238; x_wconf 75' lang='lat'>1</span> <span class='ocrx_word' id='word_1_228' title='bbox 2813 2178 2967 2238; x_wconf 69' lang='lat' dir='ltr'>Tim.</span> <span class='ocrx_word' id='word_1_229' title='bbox 2999 2190 3063 2238; x_wconf 64' lang='lat' dir='ltr'>cz:</span> 
     </span>
     <span class='ocr_line' id='line_1_22' title="bbox 160 2247 2940 2350; baseline -0.003 -26"><span class='ocrx_word' id='word_1_230' title='bbox 160 2305 172 2315; x_wconf 72' lang='lat'><em>.</em></span> <span class='ocrx_word' id='word_1_231' title='bbox 247 2252 354 2325; x_wconf 87' lang='lat' dir='ltr'>vel</span> <span class='ocrx_word' id='word_1_232' title='bbox 387 2270 650 2348; x_wconf 86' lang='lat' dir='ltr'>partem</span> <span class='ocrx_word' id='word_1_233' title='bbox 689 2251 1066 2346; x_wconf 84' lang='lat' dir='ltr'>Scripturae</span> <span class='ocrx_word' id='word_1_234' title='bbox 1097 2269 1212 2329; x_wconf 80' lang='lat' dir='ltr'>aut</span> <span class='ocrx_word' id='word_1_235' title='bbox 1245 2254 1494 2322; x_wconf 80' lang='lat' dir='ltr'><em>clavem</em></span> <span class='ocrx_word' id='word_1_236' title='bbox 1519 2252 1715 2350; x_wconf 82' lang='lat' dir='ltr'>ejus,</span> <span class='ocrx_word' id='word_1_237' title='bbox 1765 2250 1903 2341; x_wconf 90' lang='lat' dir='ltr'>(uti</span> <span class='ocrx_word' id='word_1_238' title='bbox 1926 2248 2265 2323; x_wconf 85' lang='lat' dir='ltr'>Criticam</span> <span class='ocrx_word' id='word_1_239' title='bbox 2300 2247 2724 2342; x_wconf 87' lang='lat' dir='ltr'>venditant‚.)</span> <span class='ocrx_word' id='word_1_240' title='bbox 2766 2278 2815 2336; x_wconf 80' lang='lat'>3·</span> <span class='ocrx_word' id='word_1_241' title='bbox 2848 2289 2940 2330; x_wconf 79' lang='lat'>·-‚</span> 
     </span>
     <span class='ocr_line' id='line_1_23' title="bbox 245 2345 2729 2445; baseline -0.002 -23"><span class='ocrx_word' id='word_1_242' title='bbox 245 2377 364 2422; x_wconf 78' lang='lat' dir='ltr'>non</span> <span class='ocrx_word' id='word_1_243' title='bbox 393 2374 596 2421; x_wconf 79' lang='lat' dir='ltr'>autem</span> <span class='ocrx_word' id='word_1_244' title='bbox 617 2354 948 2445; x_wconf 80' lang='lat' dir='ltr'>acquiescit</span> <span class='ocrx_word' id='word_1_245' title='bbox 963 2349 1136 2438; x_wconf 76' lang='lat' dir='ltr'>sanis</span> <span class='ocrx_word' id='word_1_246' title='bbox 1151 2349 1524 2440; x_wconf 77' lang='lat' dir='ltr'>sermonibus</span> <span class='ocrx_word' id='word_1_247' title='bbox 1561 2355 1817 2418; x_wconf 82' lang='lat' dir='ltr'>Domini</span> <span class='ocrx_word' id='word_1_248' title='bbox 1844 2345 2029 2436; x_wconf 72' lang='lat' dir='ltr'>nostri</span> <span class='ocrx_word' id='word_1_249' title='bbox 2048 2345 2197 2442; x_wconf 62' lang='lat' dir='ltr'>Jefic·</span> <span class='ocrx_word' id='word_1_250' title='bbox 2214 2347 2441 2438; x_wconf 68' lang='lat' dir='ltr'><em>Christi</em></span> <span class='ocrx_word' id='word_1_251' title='bbox 2458 2378 2485 2432; x_wconf 74' lang='lat'>5</span> <span class='ocrx_word' id='word_1_252' title='bbox 2539 2356 2592 2418; x_wconf 78' lang='lat' dir='ltr'>is</span> <span class='ocrx_word' id='word_1_253' title='bbox 2614 2352 2729 2440; x_wconf 86' lang='lat' dir='ltr'>su-</span> 
     </span>
     <span class='ocr_line' id='line_1_24' title="bbox 239 2441 2737 2544; baseline -0.002 -26"><span class='ocrx_word' id='word_1_254' title='bbox 239 2445 458 2544; x_wconf 83' lang='lat' dir='ltr'>perbus</span> <span class='ocrx_word' id='word_1_255' title='bbox 484 2445 570 2534; x_wconf 81' lang='lat' dir='ltr'>est</span> <span class='ocrx_word' id='word_1_256' title='bbox 599 2468 678 2516; x_wconf 88' lang='lat' dir='ltr'>ac</span> <span class='ocrx_word' id='word_1_257' title='bbox 710 2464 932 2516; x_wconf 86' lang='lat' dir='ltr'>vento</span> <span class='ocrx_word' id='word_1_258' title='bbox 965 2441 1271 2518; x_wconf 86' lang='lat' dir='ltr'>tumidus</span> <span class='ocrx_word' id='word_1_259' title='bbox 1303 2492 1330 2532; x_wconf 83' lang='lat'><strong>,</strong></span> <span class='ocrx_word' id='word_1_260' title='bbox 1387 2446 1544 2515; x_wconf 73' lang='lat' dir='ltr'>nihil</span> <span class='ocrx_word' id='word_1_261' title='bbox 1575 2447 1774 2536; x_wconf 56' lang='lat' dir='ltr'>sciens</span> <span class='ocrx_word' id='word_1_262' title='bbox 1800 2445 1989 2535; x_wconf 78' lang='lat' dir='ltr'>solide</span> <span class='ocrx_word' id='word_1_263' title='bbox 2016 2500 2039 2532; x_wconf 90' lang='lat'>‚</span> <span class='ocrx_word' id='word_1_264' title='bbox 2077 2446 2197 2537; x_wconf 67' lang='grc' dir='ltr'>[ἑά</span> <span class='ocrx_word' id='word_1_265' title='bbox 2234 2446 2522 2540; x_wconf 81' lang='lat' dir='ltr'>languens</span> <span class='ocrx_word' id='word_1_266' title='bbox 2562 2451 2737 2512; x_wconf 77' lang='lat' dir='ltr'>circa</span> 
     </span>
     <span class='ocr_line' id='line_1_25' title="bbox 251 2535 2769 2636; baseline 0 -27"><span class='ocrx_word' id='word_1_267' title='bbox 251 2543 583 2635; x_wconf 70' lang='lat' dir='ltr'>quastiones</span> <span class='ocrx_word' id='word_1_268' title='bbox 613 2560 710 2612; x_wconf 64' lang='grc' dir='ltr'>(ν’</span> <span class='ocrx_word' id='word_1_269' title='bbox 733 2564 971 2636; x_wconf 82' lang='lat' dir='ltr'>pugnas</span> <span class='ocrx_word' id='word_1_270' title='bbox 1001 2539 1323 2610; x_wconf 83' lang='lat' dir='ltr'>verborum</span> <span class='ocrx_word' id='word_1_271' title='bbox 1377 2538 1669 2636; x_wconf 89' lang='lat' dir='ltr'>(quibus</span> <span class='ocrx_word' id='word_1_272' title='bbox 1697 2535 1971 2611; x_wconf 67' lang='lat' dir='ltr'>tanturn</span> <span class='ocrx_word' id='word_1_273' title='bbox 1998 2564 2141 2612; x_wconf 89' lang='lat' dir='ltr'>non</span> <span class='ocrx_word' id='word_1_274' title='bbox 2181 2559 2323 2612; x_wconf 87' lang='lat' dir='ltr'>tota</span> <span class='ocrx_word' id='word_1_275' title='bbox 2352 2559 2734 2634; x_wconf 86' lang='lat' dir='ltr'>occupatur</span> <span class='ocrx_word' id='word_1_276' title='bbox 2764 2569 2769 2573; x_wconf 86' lang='lat'>·</span> 
     </span>
     <span class='ocr_line' id='line_1_26' title="bbox 251 2635 2737 2734; baseline -0.002 -23"><span class='ocrx_word' id='word_1_277' title='bbox 251 2635 612 2724; x_wconf 77' lang='lat' dir='ltr'>Critica,.)</span> <span class='ocrx_word' id='word_1_278' title='bbox 661 2665 743 2706; x_wconf 83' lang='lat' dir='ltr'>ex</span> <span class='ocrx_word' id='word_1_279' title='bbox 777 2636 989 2734; x_wconf 74' lang='lat' dir='ltr'>quibus</span> <span class='ocrx_word' id='word_1_280' title='bbox 1011 2643 1280 2706; x_wconf 76' lang='lat' dir='ltr'>oriuntur</span> <span class='ocrx_word' id='word_1_281' title='bbox 1319 2641 1568 2707; x_wconf 70' lang='lat' dir='ltr'>invidus</span> <span class='ocrx_word' id='word_1_282' title='bbox 1596 2693 1620 2726; x_wconf 86' lang='lat'><strong>‚</strong></span> <span class='ocrx_word' id='word_1_283' title='bbox 1669 2643 2069 2706; x_wconf 76' lang='lat' dir='ltr'>contentiones</span> <span class='ocrx_word' id='word_1_284' title='bbox 2095 2693 2116 2726; x_wconf 87' lang='lat'>,</span> <span class='ocrx_word' id='word_1_285' title='bbox 2170 2635 2536 2731; x_wconf 62' lang='lat' dir='ltr'>blasphemia</span> <span class='ocrx_word' id='word_1_286' title='bbox 2562 2691 2584 2724; x_wconf 87' lang='lat'><strong>,</strong></span> <span class='ocrx_word' id='word_1_287' title='bbox 2621 2636 2737 2728; x_wconf 84' lang='lat' dir='ltr'>su-</span> 
     </span>
     <span class='ocr_line' id='line_1_27' title="bbox 235 2733 2730 2844; baseline -0.001 -40"><span class='ocrx_word' id='word_1_288' title='bbox 235 2735 535 2844; x_wconf 62' lang='lat' dir='ltr'>[pictones</span> <span class='ocrx_word' id='word_1_289' title='bbox 583 2737 750 2801; x_wconf 74' lang='lat' dir='ltr'><em>malae</em></span> <span class='ocrx_word' id='word_1_290' title='bbox 779 2787 801 2822; x_wconf 89' lang='lat'>‚</span> <span class='ocrx_word' id='word_1_291' title='bbox 853 2736 1326 2825; x_wconf 57' lang='lat' dir='ltr'>confliblatt&#39;ones</span> <span class='ocrx_word' id='word_1_292' title='bbox 1368 2733 1669 2802; x_wconf 77' lang='lat' dir='ltr'>hominum</span> <span class='ocrx_word' id='word_1_293' title='bbox 1697 2757 1911 2802; x_wconf 63' lang='lat' dir='ltr'>mente’</span> <span class='ocrx_word' id='word_1_294' title='bbox 1941 2753 2345 2826; x_wconf 77' lang='lat' dir='ltr'>corruptorum</span> <span class='ocrx_word' id='word_1_295' title='bbox 2394 2737 2730 2828; x_wconf 81' lang='lat' dir='ltr'>(quorum</span> 
     </span>
     <span class='ocr_line' id='line_1_28' title="bbox 251 2824 2731 2924; baseline -0.002 -20"><span class='ocrx_word' id='word_1_296' title='bbox 251 2827 683 2917; x_wconf 62' lang='lat' dir='ltr'>intellectus,</span> <span class='ocrx_word' id='word_1_297' title='bbox 737 2827 958 2900; x_wconf 84' lang='lat' dir='ltr'>Ratio</span> <span class='ocrx_word' id='word_1_298' title='bbox 983 2885 1006 2918; x_wconf 92' lang='lat'>,</span> <span class='ocrx_word' id='word_1_299' title='bbox 1060 2828 1294 2900; x_wconf 82' lang='lat' dir='ltr'>omnia</span> <span class='ocrx_word' id='word_1_300' title='bbox 1320 2878 1346 2917; x_wconf 87' lang='lat'>‚</span> <span class='ocrx_word' id='word_1_301' title='bbox 1393 2847 1721 2924; x_wconf 86' lang='lat' dir='ltr'>corrupta</span> <span class='ocrx_word' id='word_1_302' title='bbox 1756 2824 1945 2913; x_wconf 88' lang='lat' dir='ltr'>sunt)</span> <span class='ocrx_word' id='word_1_303' title='bbox 1996 2845 2095 2899; x_wconf 67' lang='grc' dir='ltr'>(φ’</span> <span class='ocrx_word' id='word_1_304' title='bbox 2124 2835 2228 2924; x_wconf 80' lang='lat' dir='ltr'>qui</span> <span class='ocrx_word' id='word_1_305' title='bbox 2263 2835 2532 2901; x_wconf 71' lang='lat' dir='ltr'>veritate</span> <span class='ocrx_word' id='word_1_306' title='bbox 2566 2829 2731 2900; x_wconf 75' lang='lat' dir='ltr'>reaii</span> 
     </span>
     <span class='ocr_line' id='line_1_29' title="bbox 254 2923 2731 3021; baseline -0.001 -22"><span class='ocrx_word' id='word_1_307' title='bbox 254 2951 336 3000; x_wconf 88' lang='lat' dir='ltr'>ac</span> <span class='ocrx_word' id='word_1_308' title='bbox 363 2925 580 2998; x_wconf 82' lang='lat' dir='ltr'>solida</span> <span class='ocrx_word' id='word_1_309' title='bbox 611 2927 744 3014; x_wconf 73' lang='lat' dir='ltr'>sum</span> <span class='ocrx_word' id='word_1_310' title='bbox 779 2931 1072 3017; x_wconf 76' lang='lat' dir='ltr'>privati,</span> <span class='ocrx_word' id='word_1_311' title='bbox 1122 2945 1334 3020; x_wconf 81' lang='lat' dir='ltr'>atque</span> <span class='ocrx_word' id='word_1_312' title='bbox 1365 2925 1536 2997; x_wconf 79' lang='lat' dir='ltr'>adeo</span> <span class='ocrx_word' id='word_1_313' title='bbox 1565 2923 1887 3021; x_wconf 79' lang='lat' dir='ltr'>aptissimi</span> <span class='ocrx_word' id='word_1_314' title='bbox 1916 2925 2041 3019; x_wconf 87' lang='lat' dir='ltr'>qui</span> <span class='ocrx_word' id='word_1_315' title='bbox 2078 2924 2150 2995; x_wconf 91' lang='lat' dir='ltr'>in</span> <span class='ocrx_word' id='word_1_316' title='bbox 2179 2924 2409 2996; x_wconf 86' lang='lat' dir='ltr'>omnis</span> <span class='ocrx_word' id='word_1_317' title='bbox 2452 2924 2731 3021; x_wconf 75' lang='lat' dir='ltr'>generis</span> 
     </span>
     <span class='ocr_line' id='line_1_30' title="bbox 251 3017 2732 3120; baseline -0.001 -26"><span class='ocrx_word' id='word_1_318' title='bbox 251 3045 486 3120; x_wconf 80' lang='lat' dir='ltr'>pravas</span> <span class='ocrx_word' id='word_1_319' title='bbox 515 3017 796 3093; x_wconf 82' lang='lat' dir='ltr'>haereses</span> <span class='ocrx_word' id='word_1_320' title='bbox 831 3021 908 3093; x_wconf 70' lang='grc' dir='ltr'>δί</span> <span class='ocrx_word' id='word_1_321' title='bbox 937 3021 1178 3091; x_wconf 84' lang='lat' dir='ltr'>cadant</span> <span class='ocrx_word' id='word_1_322' title='bbox 1231 3019 1354 3116; x_wconf 83' lang='lat' dir='ltr'>ipfi</span> <span class='ocrx_word' id='word_1_323' title='bbox 1385 3074 1406 3106; x_wconf 91' lang='lat'>‚</span> <span class='ocrx_word' id='word_1_324' title='bbox 1454 3021 1526 3092; x_wconf 88' lang='lat'>&amp;</span> <span class='ocrx_word' id='word_1_325' title='bbox 1557 3021 1728 3094; x_wconf 87' lang='lat' dir='ltr'>alios</span> <span class='ocrx_word' id='word_1_326' title='bbox 1769 3018 2103 3092; x_wconf 80' lang='lat' dir='ltr'>inducant</span> <span class='ocrx_word' id='word_1_327' title='bbox 2138 3075 2160 3109; x_wconf 89' lang='lat'><strong>‚</strong></span> <span class='ocrx_word' id='word_1_328' title='bbox 2218 3021 2293 3092; x_wconf 83' lang='lat'>&amp;</span> <span class='ocrx_word' id='word_1_329' title='bbox 2338 3020 2408 3090; x_wconf 90' lang='lat' dir='ltr'>id</span> <span class='ocrx_word' id='word_1_330' title='bbox 2443 3019 2732 3114; x_wconf 86' lang='lat' dir='ltr'>quidem</span> 
     </span>
     <span class='ocr_line' id='line_1_31' title="bbox 237 3115 2731 3215; baseline -0.002 -22"><span class='ocrx_word' id='word_1_331' title='bbox 237 3116 606 3215; x_wconf 84' lang='lat' dir='ltr'>justiffitno</span> <span class='ocrx_word' id='word_1_332' title='bbox 639 3117 778 3188; x_wconf 85' lang='lat' dir='ltr'>Dei</span> <span class='ocrx_word' id='word_1_333' title='bbox 801 3116 1114 3210; x_wconf 84' lang='lat' dir='ltr'>judicio,</span> <span class='ocrx_word' id='word_1_334' title='bbox 1163 3115 1257 3186; x_wconf 84' lang='lat' dir='ltr'>ita</span> <span class='ocrx_word' id='word_1_335' title='bbox 1311 3117 1756 3210; x_wconf 65' lang='lat' dir='ltr'>rejectionem</span> <span class='ocrx_word' id='word_1_336' title='bbox 1811 3119 1887 3191; x_wconf 70' lang='grc' dir='ltr'>ὅ(</span> <span class='ocrx_word' id='word_1_337' title='bbox 1935 3132 2371 3189; x_wconf 84' lang='lat' dir='ltr'>contemtum</span> <span class='ocrx_word' id='word_1_338' title='bbox 2428 3115 2731 3190; x_wconf 80' lang='lat' dir='ltr'>saluta-ris</span> 
     </span>
     <span class='ocr_line' id='line_1_32' title="bbox 245 3211 2727 3310; baseline -0.001 -24"><span class='ocrx_word' id='word_1_339' title='bbox 245 3215 548 3288; x_wconf 80' lang='lat' dir='ltr'>veritatis</span> <span class='ocrx_word' id='word_1_340' title='bbox 589 3236 750 3308; x_wconf 83' lang='lat' dir='ltr'>quae</span> <span class='ocrx_word' id='word_1_341' title='bbox 802 3213 875 3284; x_wconf 87' lang='lat' dir='ltr'>in</span> <span class='ocrx_word' id='word_1_342' title='bbox 923 3211 1188 3306; x_wconf 88' lang='lat' dir='ltr'>Spiritu</span> <span class='ocrx_word' id='word_1_343' title='bbox 1242 3213 1316 3284; x_wconf 69' lang='grc' dir='ltr'>δί</span> <span class='ocrx_word' id='word_1_344' title='bbox 1367 3237 1405 3284; x_wconf 88' lang='lat' dir='ltr'><strong>a</strong></span> <span class='ocrx_word' id='word_1_345' title='bbox 1455 3213 1723 3306; x_wconf 85' lang='lat' dir='ltr'>Spiritu</span> <span class='ocrx_word' id='word_1_346' title='bbox 1753 3214 1903 3310; x_wconf 82' lang='lat' dir='ltr'>&#39;ejus</span> <span class='ocrx_word' id='word_1_347' title='bbox 1936 3211 2041 3284; x_wconf 85' lang='lat' dir='ltr'>est</span> <span class='ocrx_word' id='word_1_348' title='bbox 2073 3271 2095 3304; x_wconf 90' lang='lat'><strong>,</strong></span> <span class='ocrx_word' id='word_1_349' title='bbox 2152 3211 2593 3302; x_wconf 55' lang='lat' dir='ltr'>vindicante}</span> <span class='ocrx_word' id='word_1_350' title='bbox 2646 3237 2727 3286; x_wconf 83' lang='lat' dir='ltr'>ac</span> 
     </span>
     <span class='ocr_line' id='line_1_33' title="bbox 245 3312 3089 3409; baseline -0.002 -24"><span class='ocrx_word' id='word_1_351' title='bbox 245 3312 696 3409; x_wconf 78' lang='lat' dir='ltr'>permittente</span> <span class='ocrx_word' id='word_1_352' title='bbox 747 3327 826 3380; x_wconf 91' lang='lat' dir='ltr'>ut</span> <span class='ocrx_word' id='word_1_353' title='bbox 877 3317 1156 3405; x_wconf 80' lang='lat' dir='ltr'>quoniam</span> <span class='ocrx_word' id='word_1_354' title='bbox 1207 3314 1497 3378; x_wconf 75' lang='lat' dir='ltr'>veritatis</span> <span class='ocrx_word' id='word_1_355' title='bbox 1545 3337 1813 3380; x_wconf 83' lang='lat' dir='ltr'>amorem</span> <span class='ocrx_word' id='word_1_356' title='bbox 1860 3335 1987 3382; x_wconf 86' lang='lat' dir='ltr'>non·</span> <span class='ocrx_word' id='word_1_357' title='bbox 2008 3313 2383 3402; x_wconf 61' lang='lat' dir='ltr'>admisit-unt</span> <span class='ocrx_word' id='word_1_358' title='bbox 2400 3337 2514 3405; x_wconf 81' lang='lat' dir='ltr'>quo</span> <span class='ocrx_word' id='word_1_359' title='bbox 2548 3314 2729 3402; x_wconf 73' lang='lat' dir='ltr'>salvi</span> <span class='ocrx_word' id='word_1_360' title='bbox 2761 3355 2791 3392; x_wconf 80' lang='lat'>2·</span> <span class='ocrx_word' id='word_1_361' title='bbox 2816 3334 2997 3402; x_wconf 65' lang='lat' dir='ltr'>Theffi</span> <span class='ocrx_word' id='word_1_362' title='bbox 3020 3343 3089 3403; x_wconf 54' lang='lat' dir='ltr'>r·-</span> 
     </span>
     <span class='ocr_line' id='line_1_34' title="bbox 226 3405 2853 3502; baseline -0.001 -22"><span class='ocrx_word' id='word_1_363' title='bbox 226 3412 462 3502; x_wconf 83' lang='lat' dir='ltr'>fierent</span> <span class='ocrx_word' id='word_1_364' title='bbox 491 3463 514 3497; x_wconf 91' lang='lat'>,</span> <span class='ocrx_word' id='word_1_365' title='bbox 561 3405 980 3477; x_wconf 53' lang='lat' dir='ltr'>inducantur</span> <span class='ocrx_word' id='word_1_366' title='bbox 1023 3413 1089 3474; x_wconf 78' lang='lat' dir='ltr'>in</span> <span class='ocrx_word' id='word_1_367' title='bbox 1138 3429 1383 3475; x_wconf 79' lang='lat' dir='ltr'>tantam</span> <span class='ocrx_word' id='word_1_368' title='bbox 1434 3412 1564 3474; x_wconf 80' lang='lat' dir='ltr'>vim</span> <span class='ocrx_word' id='word_1_369' title='bbox 1613 3414 1834 3476; x_wconf 82' lang='lat' dir='ltr'>erroris</span> <span class='ocrx_word' id='word_1_370' title='bbox 1863 3457 1885 3489; x_wconf 92' lang='lat'><strong>,</strong></span> <span class='ocrx_word' id='word_1_371' title='bbox 1955 3430 2021 3476; x_wconf 80' lang='lat' dir='ltr'>ut</span> <span class='ocrx_word' id='word_1_372' title='bbox 2072 3409 2331 3475; x_wconf 80' lang='lat' dir='ltr'>credant</span> <span class='ocrx_word' id='word_1_373' title='bbox 2377 3407 2720 3478; x_wconf 80' lang='lat' dir='ltr'>mendacio.</span> <span class='ocrx_word' id='word_1_374' title='bbox 2768 3431 2853 3470; x_wconf 81' lang='lat'>10·</span> 
     </span>
     <span class='ocr_line' id='line_1_35' title="bbox 245 3497 2725 3600; baseline -0.001 -24"><span class='ocrx_word' id='word_1_375' title='bbox 245 3507 444 3600; x_wconf 87' lang='lat' dir='ltr'>cujus</span> <span class='ocrx_word' id='word_1_376' title='bbox 477 3497 776 3599; x_wconf 67' lang='lat' dir='ltr'>‘quidem-</span> <span class='ocrx_word' id='word_1_377' title='bbox 806 3501 1029 3573; x_wconf 86' lang='lat' dir='ltr'>divini</span> <span class='ocrx_word' id='word_1_378' title='bbox 1075 3525 1158 3572; x_wconf 82' lang='lat' dir='ltr'>ac</span> <span class='ocrx_word' id='word_1_379' title='bbox 1205 3498 1626 3574; x_wconf 80' lang='lat' dir='ltr'>formidandi</span> <span class='ocrx_word' id='word_1_380' title='bbox 1667 3500 1924 3597; x_wconf 83' lang='lat' dir='ltr'>judicii</span> <span class='ocrx_word' id='word_1_381' title='bbox 1965 3501 2291 3597; x_wconf 36' lang='lat' dir='ltr'>exempla,</span> <span class='ocrx_word' id='word_1_382' title='bbox 2337 3498 2554 3598; x_wconf 83' lang='lat' dir='ltr'>louge</span> <span class='ocrx_word' id='word_1_383' title='bbox 2606 3527 2725 3599; x_wconf 85' lang='lat' dir='ltr'>pe-</span> 
     </span>
     <span class='ocr_line' id='line_1_36' title="bbox 245 3596 3027 3700; baseline 0.008 -24"><span class='ocrx_word' id='word_1_384' title='bbox 245 3601 454 3676; x_wconf 88' lang='lat' dir='ltr'>tenda</span> <span class='ocrx_word' id='word_1_385' title='bbox 505 3622 646 3670; x_wconf 87' lang='lat' dir='ltr'>non</span> <span class='ocrx_word' id='word_1_386' title='bbox 697 3596 936 3670; x_wconf 76' lang='lat' dir='ltr'>ess&#39;ent.</span> <span class='ocrx_word' id='word_1_387' title='bbox 1714 3603 1728 3612; x_wconf 68' lang='grc'><strong>’</strong></span> <span class='ocrx_word' id='word_1_388' title='bbox 1932 3643 1937 3648; x_wconf 93' lang='grc'>·</span> <span class='ocrx_word' id='word_1_389' title='bbox 2872 3644 3027 3700; x_wconf 82' lang='lat' dir='ltr'>IX.-</span> 
     </span>
    </p>

    <p class='ocr_par' dir='ltr' id='par_1_4' title="bbox 231 3689 3066 4061">
     <span class='ocr_line' id='line_1_37' title="bbox 345 3689 3057 3792; baseline 0.002 -24"><span class='ocrx_word' id='word_1_390' title='bbox 345 3699 379 3768; x_wconf 93' lang='grc' dir='ltr'>Ι</span> <span class='ocrx_word' id='word_1_391' title='bbox 397 3697 495 3788; x_wconf 82' lang='lat' dir='ltr'>X.</span> <span class='ocrx_word' id='word_1_392' title='bbox 541 3696 728 3774; x_wconf 66' lang='lat' dir='ltr'>‚Haec</span> <span class='ocrx_word' id='word_1_393' title='bbox 759 3691 916 3767; x_wconf 84' lang='lat' dir='ltr'>sunt</span> <span class='ocrx_word' id='word_1_394' title='bbox 947 3717 1106 3790; x_wconf 83' lang='lat' dir='ltr'>quae</span> <span class='ocrx_word' id='word_1_395' title='bbox 1135 3718 1224 3767; x_wconf 87' lang='lat' dir='ltr'>ex</span> <span class='ocrx_word' id='word_1_396' title='bbox 1245 3691 1587 3768; x_wconf 66' lang='lat' dir='ltr'>noeti-ina</span> <span class='ocrx_word' id='word_1_397' title='bbox 1611 3692 2015 3792; x_wconf 83' lang='lat' dir='ltr'>Apostolica</span> <span class='ocrx_word' id='word_1_398' title='bbox 2034 3689 2345 3789; x_wconf 76' lang='lat' dir='ltr'>superius</span> <span class='ocrx_word' id='word_1_399' title='bbox 2365 3692 2724 3792; x_wconf 65' lang='lat' dir='ltr'>objectatis</span> <span class='ocrx_word' id='word_1_400' title='bbox 2792 3714 3057 3776; x_wconf 70' lang='lat' dir='ltr'>ulteriores</span> 
     </span>
     <span class='ocr_line' id='line_1_38' title="bbox 231 3789 3066 3888; baseline -0.001 -20"><span class='ocrx_word' id='word_1_401' title='bbox 231 3795 408 3868; x_wconf 76' lang='lat' dir='ltr'>sunt</span> <span class='ocrx_word' id='word_1_402' title='bbox 435 3790 904 3887; x_wconf 80' lang='lat' dir='ltr'>respondenda</span> <span class='ocrx_word' id='word_1_403' title='bbox 935 3818 958 3878; x_wconf 82' lang='lat'>3</span> <span class='ocrx_word' id='word_1_404' title='bbox 1011 3814 1142 3864; x_wconf 86' lang='lat' dir='ltr'>nec</span> <span class='ocrx_word' id='word_1_405' title='bbox 1173 3791 1260 3864; x_wconf 89' lang='lat' dir='ltr'>de</span> <span class='ocrx_word' id='word_1_406' title='bbox 1289 3791 1430 3864; x_wconf 88' lang='lat' dir='ltr'>illis</span> <span class='ocrx_word' id='word_1_407' title='bbox 1457 3793 1853 3888; x_wconf 76' lang='lat' dir='ltr'>quicquam</span> <span class='ocrx_word' id='word_1_408' title='bbox 1874 3791 2066 3863; x_wconf 88' lang='lat' dir='ltr'>aliud</span> <span class='ocrx_word' id='word_1_409' title='bbox 2096 3793 2167 3863; x_wconf 86' lang='lat' dir='ltr'>in</span> <span class='ocrx_word' id='word_1_410' title='bbox 2190 3790 2555 3885; x_wconf 72' lang='lat' dir='ltr'>scripturis·</span> <span class='ocrx_word' id='word_1_411' title='bbox 2576 3789 2721 3864; x_wconf 81' lang='lat' dir='ltr'>aliis</span> <span class='ocrx_word' id='word_1_412' title='bbox 2754 3789 2822 3843; x_wconf 65' lang='lat' dir='ltr'>‘d</span> <span class='ocrx_word' id='word_1_413' title='bbox 2850 3794 3066 3850; x_wconf 64' lang='lat' dir='ltr'>critico-</span> 
     </span>
     <span class='ocr_line' id='line_1_39' title="bbox 245 3884 3037 4061; baseline -0.002 -97"><span class='ocrx_word' id='word_1_414' title='bbox 245 3891 572 3986; x_wconf 69' lang='lat' dir='ltr'>nepe-sies.</span> <span class='ocrx_word' id='word_1_415' title='bbox 593 3886 850 3984; x_wconf 87' lang='lat' dir='ltr'>quibus</span> <span class='ocrx_word' id='word_1_416' title='bbox 873 3911 1046 3966; x_wconf 79' lang='lat' dir='ltr'>vero</span> <span class='ocrx_word' id='word_1_417' title='bbox 1063 3884 1776 4061; x_wconf 55' lang='grc' dir='ltr'>ἀίίᾙωὶωῐίἔὲἒῑὶὲεὲ</span> <span class='ocrx_word' id='word_1_418' title='bbox 1808 3886 2586 3987; x_wconf 75' lang='lat' dir='ltr'>&amp;sequentia-breviter</span> <span class='ocrx_word' id='word_1_419' title='bbox 2612 3911 2722 3960; x_wconf 89' lang='lat' dir='ltr'>re·</span> <span class='ocrx_word' id='word_1_420' title='bbox 2756 3957 2815 3997; x_wconf 70' lang='lat' dir='ltr'>ea</span> <span class='ocrx_word' id='word_1_421' title='bbox 2838 3943 3037 4019; x_wconf 67' lang='lat' dir='ltr'>respon-</span> 
     </span>
    </p>

    <p class='ocr_par' dir='ltr' id='par_1_5' title="bbox 867 4002 2931 4092">
     <span class='ocr_line' id='line_1_40' title="bbox 867 4002 2931 4092; baseline -0.001 -32"><span class='ocrx_word' id='word_1_422' title='bbox 867 4007 872 4012; x_wconf 81' lang='lat'><strong>·</strong></span> <span class='ocrx_word' id='word_1_423' title='bbox 1489 4047 1494 4052; x_wconf 87' lang='grc'><strong>.</strong></span> <span class='ocrx_word' id='word_1_424' title='bbox 1844 4002 1887 4084; x_wconf 81' lang='lat'>3</span> <span class='ocrx_word' id='word_1_425' title='bbox 2440 4009 2735 4084; x_wconf 83' lang='lat' dir='ltr'>ponere..</span> <span class='ocrx_word' id='word_1_426' title='bbox 2748 4016 2931 4092; x_wconf 46' lang='lat' dir='ltr'><em>[imm.</em></span> 
     </span>
    </p>
   </div>
   <div class='ocr_carea' id='block_1_3' title="bbox 2750 3850 3287 3942">
    <p class='ocr_par' dir='ltr' id='par_1_6' title="bbox 2750 3850 3287 3942">
     <span class='ocr_line' id='line_1_41' title="bbox 2750 3850 3287 3942; baseline 0.009 -20"><span class='ocrx_word' id='word_1_427' title='bbox 2750 3883 2861 3922; x_wconf 83' lang='lat' dir='ltr'>rum</span> <span class='ocrx_word' id='word_1_428' title='bbox 2882 3867 3119 3942; x_wconf 55' lang='lat' dir='ltr'>objeffaee</span> <span class='ocrx_word' id='word_1_429' title='bbox 3180 3925 3193 3936; x_wconf 80' lang='grc'><em>,</em></span> <span class='ocrx_word' id='word_1_430' title='bbox 3278 3850 3287 3860; x_wconf 57' lang='grc'><em>“</em></span> 
     </span>
    </p>
   </div>
  </div>
 </body>
</html>
