3552 4592
0 19 205 158 Γ
701 158 710 165 ’
822 160 1437 290 anfiderationes
1452 163 1926 278 specialiora.
1980 198 2011 252 1
2035 163 2125 252 1.'
2338 119 2344 122 ·
2485 194 2566 279 ,7
2574 199 2677 284 09
2928 180 2967 214 ο

166 327 833 400 θυεΤ-ΔΝΗΑΒ,
878 339 1130 384 necnon
1183 337 1413 395 v-lvo
1466 333 1745 386 M'ODO
1802 334 2504 388 CONTEMPLAN
2536 342 2664 392 DA

170 407 473 498 beneficia
510 432 630 500 quae
668 430 717 477 o
740 429 834 480 ω
856 433 917 480 M
974 410 1159 504 (post
1197 410 1375 484 hanc
1410 410 1657 495 vitam)
1710 413 1980 505 effiasurm
2007 422 2096 484 eft
2125 419 2326 486 Deus.
2349 458 2450 474 ---
2483 418 2665 490 Pro·

169 501 369 576 fefto
407 527 551 574 non
580 503 797 576 solent
836 505 949 577 vel
976 507 1341 582 sublimior
1378 507 1789 606 Theologia
1817 509 2098 609 Mystica
2121 533 2282 605 quae
2305 519 2662 586 extraordi-

166 608 359 674 naria
410 599 669 672 dicitur
704 657 729 691 ‚
782 602 1067 699 ejusque
1110 605 1538 702 Theologiae
1578 605 1916 688 Cultores
1967 607 2228 701 major-”a
2267 608 2600 684 exhibere
2631 667 2662 702 ‚

62 724 74 729 ·
161 695 595 792 complecti,
648 695 922 796 suisque
958 701 1337 775 candidatis
1366 703 1780 799 promittere
1811 707 2023 798 quam
2057 726 2220 800 quae
2243 704 2358 776 hic
2378 706 2551 778 dese
2577 727 2660 782 ut

156 816 459 890 experto
492 791 863 892 profitetur
908 798 1007 870 D.
1028 799 1372 872 Clericus.
1424 824 1587 896 quae
1615 820 1845 872 tamen
1871 798 1930 871 fi·
1949 799 2238 896 aliquam
2264 801 2339 874 in
2368 802 2658 876 D.Cle-

157 894 318 966 rico
343 891 651 986 speciem.
677 893 1073 968 habuerunt
1093 945 1117 984 ‚
1168 895 1503 970 debuisset
1527 894 1642 969 ille
1667 953 1689 988 ,
1727 919 1818 968 ne
1849 894 2202 969 falleretur
2227 897 2318 970 ab
2341 899 2658 990 inimico,

157 989 480 1064 didicifl‘e
517 1013 556 1061 e
592 991 1057 1067 Solidioribus
1086 993 1411 1090 Mysticis
1435 1049 1475 1085 ,‚
1508 993 1830 1066 Satanan]
1857 1049 1879 1084 ,
1934 994 2060 1090 qui
2081 992 2250 1068 teste
2279 996 2656 1093 Apostolo,

156 1085 301 1160 sese
327 1087 407 1159 in
434 1087 797 1184 Angelum.
820 1088 995 1162 lucis
1023 1091 1508 1166 transformare
1538 1089 1764 1187 potest
1785 1139 1828 1179 ‚.
1863 1093 2118 1162 imimri
2149 1091 2361 1165 etiam
2393 1094 2658 1168 divinas

158 1183 621 1274 dulcedines,
666 1185 957 1260 divinos.
981 1185 1209 1262 senfiis
1243 1247 1266 1281 ,
1318 1188 1591 1260 divinas
1632 1186 2257 1283 contemplationes
2296 1241 2326 1279 s
2385 1190 2688 1263 immite·

156 1280 385 1355 tendo
418 1279 694 1355 fallaces
718 1303 956 1356 earum
986 1282 1244 1381 species
1296 1285 1369 1357 in
1402 1309 1523 1358 eos
1566 1283 1693 1380 qui
1734 1306 1894 1356 cum
1937 1281 2073 1357 fint
2105 1284 2334 1358 adhuc
2387 1287 2460 1360 in
2511 1288 2657 1360 ele-

156 1399 407 1452 mento
441 1399 791 1476 corruptae
830 1399 1145 1475 naturae,
1198 1383 1455 1456 audent
1504 1401 1738 1454 tamen
1787 1376 1922 1476 sese
1955 1378 2209 1453 divinis
2261 1380 2470 1455 rebus
2521 1383 2656 1456 im-

154 1475 451 1550 miscere
481 1501 503 1564 3
555 1501 721 1572 quas
750 1475 923 1552 vero
956 1479 1059 1552 uti
1094 1479 1417 1552 audacius
1450 1478 1522 1551 δί
1558 1477 1852 1551 alacrius
1879 1499 2218 1552 enervent
2239 1480 2314 1553 &
2385 1480 2660 1571 erdant,

156 1572 347 1648 solet
370 1597 489 1647 eos
520 1573 769 1648 infelix
802 1576 1015 1649 hostis
1042 1601 1165 1673 per
1196 1575 1391 1648 hasce
1428 1573 1703 1648 fallaces
1734 1573 1993 1672 species
2025 1597 2111 1648 eo
2157 1575 2232 1648 in
2277 1578 2298 1649 l
2393 1602 2514 1652 ore
2549 1579 2662 1651 in-

154 1669 359 1745 felici
397 1669 703 1745 crebrius
740 1672 1037 1746 excitare
1078 1675 1155 1748 &
1180 1674 1518 1747 animare.
2277 1761 2286 1768 ‚
2901 1749 2905 1754 ,

254 1764 451 1862 Qae
466 1767 775 1841 omniafi
798 1769 978 1844 bene
999 1762 1878 1869 perpendiffetParrhafius
1908 1765 2450 1845 cum'censuram
2475 1763 2662 1848 suam
2703 1805 2808 1859 0„-
2833 1799 2946 1857 licet
2968 1799 3052 1859 ‚m

156 1865 693 1961 antimysticam-
708 1864 962 1940 faceret
1002 1926 1025 1959 ‚
1075 1868 1306 1942 fuisset
1348 1864 1828 1964 proculdubio
1870 1891 1949 1940 ea
1995 1868 2076 1940 in
2115 1891 2188 1941 re
2227 1869 2664 1966 aliquantum
2703 1876 3034 1966 lauda-verine

162 1963 445 2036 cautior
468 2009 493 2052 ,
553 1960 793 2036 saltem
844 1988 930 2036 ne
981 1968 1060 2040 &
1100 1963 1226 2058 fibi
1278 1967 1354 2039 δε
1406 1966 1505 2037 D.
1542 1963 1836 2038 Clerico
1886 1962 2278 2051 (interdum
2331 1965 2666 2063 Mysticae
2705 1953 2966 2052 ruffina,-

158 2061 601 2156 Theologiae
634 2059 1012 2137 candidatis
1036 2120 1059 2156 ‚
1113 2060 1164 2133 fi
1198 2062 1357 2135 Diis
1394 2061 1618 2164 placet
1648 2116 1672 2151 ,
1722 2060 1794 2132 ὃ(
1825 2058 2342 2148 laudatoribus)
2387 2062 2667 2160 oppofi-
2691 2028 3040 2179 {22:259ssss

166 2179 293 2232 tus
320 2157 487 2230 effet
523 2184 542 2228 :
602 2157 867 2232 tametsi
902 2157 1263 2233 fatendum
1296 2155 1380 2232 fit
1412 2182 1532 2233 eos
1569 2157 1828 2230 dedifl'e
1861 2181 2143 2254 operam
2171 2181 2258 2230 ne
2285 2157 2671 2234 nesciretur
2705 2185 2756 2240 in
2779 2200 2946 2240 eorum

162 2253 245 2330 se
277 2256 355 2328 in
435 2275 613 2329 artes
635 2255 1107 2355 antimysticas
1129 2257 1429 2332 maxime
1450 2253 1934 2355 utplurimum
1961 2253 2395 2355 propendere
2421 2298 2460 2348 ,·
2497 2281 2578 2333 ac
2596 2259 2684 2337 iu
2709 2259 2918 2322 odium.-

158 2352 333 2451 ipfis
408 2352 701 2429 ominari
729 2356 1153 2429 constantius
1176 2362 1253 2452 (q
1264 2356 1404 2430 uod
1436 2352 1759 2451 pluribus
1785 2377 2002 2450 porro
2027 2351 2472 2449 patefacient)
2492 2358 2688 2430 anti-r

162 2450 549 2546 mysticum
583 2448 825 2525 odium
854 2476 997 2527 non
1020 2476 1305 2550 parvum
1336 2477 1353 2524 ε
1411 2453 1612 2550 cujus
1643 2450 1931 2549 quidem
1963 2449 2111 2522 odii
2133 2449 2332 2526 aliam
2360 2506 2382 2543 ‚
2421 2472 2678 2549 pr-aetet

162 2545 393 2625 modo
417 2547 689 2623 dietam·-
704 2606 729 2642 ‚
781 2553 1123 2625 rationem
1150 2574 1297 2624 non
1317 2548 1465 2621 dari
1493 2548 1802 2621 arbitror
1816 2544 2028 2657 quam
2046 2549 2241 2645 quod
2269 2549 2676 2649 Theologia

162 2645 485 2743 Mystica
511 2695 535 2736 ‚
591 2669 734 2719 non
764 2647 993 2721 modo
1011 2664 1351 2721 vanorum
1374 2646 1756 2741 studiorum
1779 2694 1806 2737 ‚
1835 2669 1908 2717 in
1930 2643 2188 2742 quibus
2219 2644 2323 2719 illi
2343 2642 2490 2719 fere
2516 2646 2678 2721 sunt

162 2744 342 2834 toti,
369 2741 723 2840 flagellum
754 2736 1157 2842 ipfiffitnum
1176 2742 1423 2819 existat
1456 2770 1476 2831 3
1526 2739 1639 2816 fiad
1674 2744 1748 2816 &
1797 2738 1878 2819 fit
1921 2766 2208 2839 quoque
2249 2740 2487 2817 eadem
2527 2796 2566 2837 ,·
2618 2742 2674 2819 fi

165 2840 377 2938 quod
411 2862 523 2915 res
550 2839 657 2913 est
679 2840 1077 2915 dicendum·
1098 2840 1226 2933 fit,
1285 2840 1812 2936 Socinianarum
1849 2862 1929 2912 ac
1965 2838 2484 2937 Pelagianarum
2519 2840 2698 2937 opi--

164 2938 475 3013 nionum
508 2936 1107 3035 praesentiffimum
1149 2959 1499 3015 venenum
1527 2938 1603 3012 δί
1628 2936 2038 3013 omnimoda
2062 2936 2431 3012 extinctio,
2485 2939 2678 3011 inni-

164 3036 355 3109 titur
382 3036 567 3129 enjm
596 3034 717 3109 illa
746 3055 893 3110 tota
928 3035 1391 3111 fundamento
1418 3033 1802 3133 praesentiae
1837 3033 1980 3109 Dei
2015 3030 2300 3129 e'usque
2349 3036 2422 3107 in
2472 3034 2676 3107 nobis

164 3134 671 3229 operationum
712 3131 1118 3207 facientium
1148 3134 1234 3207 ad
1270 3132 1691 3231 penitiorein
1720 3131 1990 3228 peccati
2069 3128 2556 3204 enudationem
2597 3132 2678 3207 δε

162 3226 745 3327 exstirpationem
774 3282 799 3321 ,
846 3232 933 3303 ad
973 3231 1149 3304 lucis
1196 3229 1581 3327 amorisque
1624 3228 1767 3302 Dei
1812 3226 2167 3325 puriorem
2211 3224 2679 3317 infufionem‚

162 3332 391 3424 atque
420 3326 500 3400 ad
538 3325 775 3417 vivam
828 3326 1294 3403 Sacrofanetae
1333 3326 1707 3402 Trinitatis
1734 3382 1778 3417 5.
1812 3322 2092 3423 ejusque
2140 3347 2546 3425 arcanorum
2599 3327 2680 3399 δε

160 3424 555 3523 gratiarum
579 3424 981 3499 coelestium
996 3424 1495 3501 revelationem
1518 3423 1946 3523 gustumque
1967 3421 2681 3521 anticipatum,quan-

166 3544 351 3597 tum·
370 3517 653 3615 quidem
673 3522 837 3596 Deo
866 3523 1205 3617 placuerit
1230 3546 1315 3619 ea
1330 3521 1449 3617 hic
1466 3540 1832 3617 utcunque
1848 3539 2012 3592 cum
2033 3518 2488 3689 dilipentibus
2515 3516 2700 3589 No--
2819 3538 2838 3554 ⁰

166 3640 347 3694 men
375 3616 1149 3695 suum-communicare.
1242 3619 1337 3691 ita
1363 3638 1447 3691 ut
1481 3616 1773 3689 omnino
1812 3612 2164 3713 impoffibi
2191 3640 2230 3688 e
2266 3614 2348 3687 fit
2374 3615 2676 3709 aliquem

168 3739 346 3792 vere
376 3714 751 3809 mysticum
779 3716 917 3789 esse
948 3712 1545 3813 Pelagianumssvel
1573 3712 2024 3789 Socinianum
2045 3772 2068 3806 ,
2091 3716 2168 3789 &
2195 3712 2352 3785 vice
2377 3710 2602 3783 versa.-

284 3836 311 3887 1
336 3838 395 3886 1.
445 3815 618 3885 Velle
651 3810 1017 3888 Boii-etum
1037 3840 1150 3917 pro
1186 3814 1437 3886 totidem
1470 3814 1731 3885 oraculis
1769 3810 2086 3909 haberi-ea
2115 3834 2276 3908 quae
2301 3806 2517 3901 modo
2549 3832 2698 3881 no*
2823 3810 2883 3881 (ι
2905 3816 2966 3883 ¹)

178 3909 372 3985 tavit
398 3909 634 3986 noster
668 3909 1108 4004 Parrhafius,
1159 3910 1233 3986 id
1252 3931 1420 3986 vero
1452 3932 1541 3983 ex
1570 3896 1923 4007 principio
1950 3906 2344 3989 Philautico
2373 3902 2522 3979 falfi
2559 3900 2681 3979 eli-
2721 3886 3036 3951 Ob‘mdef·

2586 3986 2604 4006 ¹
2623 3998 2649 4012 -·
2721 3964 2991 4026 nonnulla

1320 4029 1371 4101 y
1392 4030 1437 4084 v
1456 4029 1497 4082 v
1520 4030 1569 4083 v
1626 4024 1671 4113 3
2587 4021 2690 4075 cit
