3552 4592
837 179 885 269 7
897 178 1000 265 50
1243 174 1248 183 ·
1551 147 1650 233 In
1691 141 2100 256 Censuram
2134 136 2535 250 Parrhasii

835 314 1002 391 guae
1035 316 1172 393 qua
1187 288 1505 367 'utuntur
1533 314 1989 366 communem
2025 308 2237 387 atque
2278 286 2693 384 ordinariam
2728 288 2809 365 δε
2844 286 3187 389 plebejam
3220 289 3351 361 ha-

847 396 1003 465 beat
1039 392 1374 473 notitiam·
1390 440 1416 479 ,
1464 390 2073 489 intelligit-eorum
2096 411 2253 484 quae
2276 388 2613 463 dicuntur
2632 409 2755 462 aut
2776 387 3175 461 scribuntur
3196 387 3347 462 vim

847 488 922 576 ὃ(
953 486 1396 563 substantiam
1418 486 1857 587 scopumque
1872 488 2263 561 dicentium
2290 487 2397 559 vel
2416 484 2859 560 scribentium
2876 487 3355 582 praedpuum,

815 601 822 611 ·
851 584 1112 659 etiamsi
1152 587 1223 658 hi
1254 582 1486 659 mimis
1522 605 1839 660 accurate
1868 586 1943 659 &
1966 583 2197 659 minus
2216 584 2497 681 proprie
2517 635 2545 673 ‚
2598 584 2775 680 saepe
2795 580 3110 680 elliptice
3126 606 3209 654 ac
3224 581 3355 654 de-

851 680 1116 755 ficienti
1139 683 1354 757 modo
1385 684 2061 781 seseexprimerent,
2116 682 2223 755 uti
2244 682 2421 779 saepe
2448 680 2535 755 fit
2572 682 2758 753 inter
2798 704 2917 754 eos
2950 681 3077 778 qui
3108 702 3351 753 rerum

853 779 1078 878 magis
1123 805 1328 879 quam
1357 781 1744 855 verborum
1778 804 2018 853 curam
2064 776 2445 875 suscipiunt
2476 836 2501 870 ‚
2550 778 2815 879 quique
2848 775 3079 853 sciunt
3122 776 3193 850 se
3234 802 3363 851 eos

853 873 1122 975 alloqui
1145 879 1278 977 qni
1305 902 1416 952 res
1441 878 1610 976 ipsas
1633 879 1728 951 de
1745 876 2003 975 quibus
2030 898 2298 975 agunt,
2346 879 2481 971 jam
2510 876 2945 974 experientia
2956 876 3077 949 vel
3094 874 3351 949 habere

857 976 1143 1069 poss'unt
1169 977 1282 1049 vel
1319 975 1530 1050 etiam
1567 975 1832 1050 habent
1858 996 2053 1048 notas
2074 1004 2101 1058 3
2144 992 2353 1071 atque
2384 974 2559 1049 adeo
2592 971 3349 1071 poffuntintelloflmm

857 1072 1061 1146 suum
1094 1072 1482 1148 intellectui
1503 1072 1817 1149 acsensui
1835 1071 2219 1151 dicentium
2248 1071 2358 1144 vel
2373 1071 2823 1148 scribentium
2852 1068 3051 1145 facile
3070 1092 3359 1143 accom-

858 1170 1143 1243 modare
1167 1228 1198 1263 ,,
1249 1192 1368 1245 aut
1396 1172 1469 1243 in
1497 1196 1656 1245 eum
1675 1168 1809 1245 sese
1830 1167 2054 1245 veluti
2086 1189 2387 1243 vertere.
2456 1168 2552 1243 Et
2574 1187 2814 1242 revera
2840 1168 3021 1241 inter
3042 1168 3211 1240 tales
3238 1166 3355 1239 vel

859 1266 1164 1341 verbum
1202 1291 1422 1342 unum
1457 1290 1672 1367 atque
1701 1269 1997 1342 alterum
2026 1322 2054 1357 ,
2076 1264 2745 1363 licetirnperfefflus
2770 1322 2793 1357 ,
2811 1266 2893 1337 ad
2924 1266 3065 1339 hoc
3096 1262 3359 1338 sufficit

859 1383 944 1440 ut
963 1362 1096 1437 sese
1129 1388 1386 1439 mutuo
1408 1367 1811 1464 intelligam:
1828 1365 2011 1437 bene
2031 1419 2054 1453 ,
2084 1382 2452 1461 totamque
2478 1363 2583 1436 rei
2623 1362 2865 1436 sei-iem
2892 1420 2915 1454 ,
2950 1368 3201 1459 (quam
3232 1362 3363 1435 ali·-

859 1477 970 1535 ter
995 1461 1364 1536 constituti
1391 1464 1602 1537 nullis
1623 1464 1853 1537 verbis
1874 1518 1895 1553 ‚
1916 1460 2113 1533 nulla
2142 1461 2383 1534 critica
2414 1459 2824 1556 dignoscere
2844 1458 3135 1556 poffint)
3177 1458 3365 1533 bene

863 1559 1317 1657 concipiant,
1365 1581 1572 1656 atque
1620 1561 1851 1657 (quod
1876 1558 2003 1632 alia
2020 1558 2099 1631 in
2120 1580 2193 1629 re
2208 1558 2508 1643 dicunt)
2558 1581 2649 1631 ex
2682 1580 2920 1656 ungue
2940 1614 2963 1649 ,
3016 1578 3103 1632 ut
3132 1558 3368 1655 ajunt,

865 1652 1139 1729 leonem
1181 1654 1616 1755 cognoscant
1645 1705 1670 1748 ‚
1723 1656 1795 1731 id
1826 1658 2025 1755 quod
2046 1656 2377 1753 graphice
2398 1654 2643 1728 nostro
2678 1656 3011 1729 idiomate
3038 1655 3371 1729 nomina-

864 1776 1023 1825 mus
1043 1804 1064 1838 ,
1096 1756 1891 1829 s’emmdreademi-mots.
1938 1754 2018 1826 Si
2037 1776 2209 1827 vero
2240 1753 2359 1825 hie
2398 1750 2745 1827 nonnulla
2774 1752 2983 1825 etiam
3014 1749 3367 1851 superfiat

869 1846 1250 1946 adventitia
1285 1850 1358 1925 in
1393 1850 1632 1925 verbis
1669 1876 1752 1925 ae
1792 1850 2133 1951 loquendi
2166 1850 2395 1943 modiis
2428 1905 2461 1942 ,
2496 1851 2579 1923 &
2610 1849 3151 1924 circumstantiis
3184 1870 3377 1922 con-

871 1942 1228 2021 fideranda
1251 2002 1276 2037 ‚
1321 1972 1600 2045 eavea-o
1634 1948 2040 2047 poffuntilli
2078 1943 2349 2021 faciliiis
2378 1946 2721 2045 conjicere
2744 2004 2769 2039 ,
2820 1948 3135 2023 divinare
3162 2004 3186 2040 ‚
3238 1946 3377 2019 de-

871 2040 1131 2117 ducere
1151 2097 1172 2131 ,
1221 2066 1436 2141 quam
1455 2044 1708 2143 poffint
1743 2047 1973 2144 quivis
1988 2045 2101 2122 alii
2119 2102 2146 2137 ‚
2168 2046 2463 2143 suntque
2484 2063 2683 2117 extra
2707 2045 3096 2143 periculum
3122 2100 3147 2135 ‚
3198 2068 3291 2119 ne
3320 2041 3377 2117 fi

871 2164 1030 2237 quae
1063 2140 1446 2237 conjiciunt
1472 2145 1582 2217 vel
1603 2144 1969 2221 deducunt
1987 2204 2014 2239 ‚
2064 2168 2145 2217 ea
2161 2141 2613 2217 adversentur
2640 2142 2944 2239 ipsarum
2968 2165 3207 2218 rerum
3236 2141 3381 2239 spi-

872 2237 1183 2312 ritalium
1217 2238 1294 2314 &
1323 2236 1711 2316 divinarum
1765 2250 2095 2342 (quarum
2115 2239 2313 2342 gnari
2338 2238 2529 2326 sunt)
2580 2240 2961 2336 virtutihus
2994 2266 3077 2317 ac
3106 2242 3380 2317 verita-

877 2334 1070 2410 tibus
1111 2335 1690 2414 effentialioribus
1725 2361 1935 2442 atque
2014 2341 2335 2438 raeeipuis
2357 2395 2382 2432 ‚
2430 2359 2644 2437 atque
2674 2340 2889 2413 ita-ne
2918 2363 3043 2438 ρει·
3063 2340 3377 2416 accesso·

878 2434 980 2508 ria
1001 2433 1779 2537 destrimprincipalia
1794 2483 1817 2530 ·‚
1838 2439 1951 2512 vel
2142 2438 2281 2512 illis
2298 2436 2737 2550 postponant.
2786 2453 3225 2536 quapropter
3248 2463 3393 2512 eo-

878 2556 1038 2606 rum
1088 2530 1157 2603 C
1176 2555 1232 2602 R
1249 2557 1276 2604 1
1295 2558 1342 2604 τ
1359 2559 1386 2605 1
1407 2560 1454 2608 c
1473 2559 1525 2607 A
1565 2536 1638 2609 in
1659 2535 1868 2610 rebus
1894 2535 2093 2610 sacris
2123 2559 2161 2607 a
2195 2561 2308 2610 me
2332 2534 2589 2610 dicitur
2607 2540 2853 2606 oculata
2880 2593 2905 2631 ,
2954 2559 3169 2632 quam
3198 2557 3386 2610 vero·

884 2628 1174 2704 minime
1197 2651 1478 2706 contem
1489 2658 1651 2708 nere
1672 2633 1884 2708 velim
1906 2691 1929 2725 ,
1948 2633 2109 2731 qnia
2128 2685 2149 2719 ‚
2170 2633 2337 2709 licet
2360 2657 2509 2707 mm
2540 2631 2639 2704 issi
2680 2631 2865 2705 inter
2892 2634 3257 2706 access’oria
3280 2633 3367 2709 δε

881 2727 1114 2802 minus
1141 2725 1500 2804 necess'aria
1528 2728 1870 2822 habeant,
1912 2730 2229 2804 referunt
2248 2749 2479 2804 tamen
2506 2728 2591 2802 ad
2630 2730 2773 2802 Dei
2800 2729 3093 2826 gloriam
3112 2781 3135 2820 ‚
3154 2751 3367 2829 atque

883 2824 971 2900 'ad
1005 2848 1233 2900 rerum
1275 2824 1666 2903 divinarum
1695 2829 1772 2903 δε
1802 2827 2212 2925 spiritalium
2235 2877 2261 2917 ,
2297 2845 2647 2926 quantum
2684 2825 2841 2900 fieri
2873 2827 3097 2926 potest
3118 2885 3143 2922 ,
3194 2843 3376 2926 pr‘o-

888 2922 1278 2998 motionem
1302 2976 1323 3010 ,
1355 2924 2035 3000 commendationem
2056 2982 2079 3017 ,
2100 2924 2173 2998 ὅ(
2194 2925 2751 3004 illustrationem.

389 3035 396 3042 ·
545 3029 828 3106 mastratur
987 3018 1262 3096 Eodem
1291 3021 1504 3098 modo
1543 3025 1618 3097 in
1658 3020 1865 3100 rebus
1903 3021 2333 3098 natumlibus
2370 3080 2395 3115 ‚
2444 3020 2499 3095 fi
2532 3022 2731 3119 cujus
2764 3019 3133 3098 &cums
3157 3021 3386 3096 reales

517 3107 690 3210 ἈΨ
710 3121 798 3230 V‘s
895 3139 1249 3233 cateruae!
1297 3141 1470 3216 puta
1487 3117 1849 3232 facultaoeq
1875 3120 2161 3196 videndi
2190 3179 2215 3210 ‚
2258 3118 2639 3212 audiendi,
2688 3118 3063 3230 tangendi,
3292 3138 3398 3193 u·-

497 3183 828 3322 ’ξ’ζῖἷᾱζό,
893 3219 968 3293 d1
997 3219 1070 3294 &
1102 3217 1352 3316 ssmiles
1372 3277 1395 3312 ,
1445 3217 1885 3331 pro-obicitis
1904 3219 2249 3330 corporeis
2275 3242 2519 3317 eorum
2576 3241 2667 3329 ¹3⁶
2694 3213 3113 3314 impreffiom
3170 3215 3396 3292 usse«

511 3339 663 3418 ,νᾶες
689 3353 860 3416 mpo-
892 3317 1028 3394 &ae
1049 3367 1074 3407 ,
1127 3339 1549 3415 receperunt
1572 3342 1648 3390 m
1667 3315 1731 3390 se
1751 3336 2191 3414 operationes
2208 3315 2487 3389 suorum
2622 3310 2958 3398 caeru-t
2978 3313 3241 3388 horum

519 3419 636 3476 reis.
891 3415 1400 3514 proprietatum
1439 3439 1522 3489 ac
1546 3413 1957 3513 qualitatum
1990 3463 2019 3504 ‚
2070 3414 2167 3488 ita
2202 3433 2288 3488 nt
2333 3413 2469 3486 illis
2510 3435 2679 3486 vere
2716 3435 2803 3511 ac
2840 3408 3075 3486 vivide

894 3511 1030 3582 sint
1049 3560 1068 3592 ‚
1118 3512 1300 3578 oculi
1333 3563 1353 3591 ,
1399 3531 1570 3604 puta
1597 3563 1622 3597 ,
1667 3511 1743 3581 ὃς
1778 3511 2039 3584 himine
2058 3509 2381 3599 Solis-‚dc
2400 3508 2837 3606 objectorum
2868 3507 3269 3607 coelestium
3290 3531 3381 3584 ac

895 3602 1324 3678 terrestrium
1345 3602 1905 3681 irradiat-,ionibus
1922 3631 2003 3681 ac
2028 3607 2452 3706 imaginibus
2478 3661 2501 3696 ‚
2548 3605 3255 3680 variorum-colorum
3276 3603 3400 3678 dio
3464 3667 3473 3674 .

827 3757 830 3762 -
901 3701 1218 3778 versitate
1243 3703 1556 3789 ornatis3
1584 3723 1781 3776 aures
1802 3757 1827 3794 ‚
1878 3702 2206 3780 sonorum
2228 3703 2675 3802 discrepantia
2696 3731 2721 3792 ς
2744 3706 3013 3803 lingna,
3042 3703 3390 3779 varietate

956 3800 1233 3884 ustuum
1261 3857 1287 3891 ‚
1337 3800 1414 3874 &
1437 3795 1532 3873 fic
1559 3797 1646 3872 de
1671 3799 2005 3897 reliquis3
2042 3802 2347 3878 evidens
2366 3803 2467 3880 est
2486 3853 2513 3895 ‚
2564 3799 3123 3877 ubi-tairhomo
3138 3801 3395 3878 audiet

899 3825 1252 3974 armenes
1285 3897 1406 3975 vel
1431 3895 1624 4003 leget
1641 3895 1859 3978 libros
1890 3899 2219 3978 derebus
2248 3923 2423 4001 quas
2451 3897 2897 3986 facultatibus
2923 3897 3065 3976 fine·
3096 3894 3409 3976 videndi

3212 4021 3281 4074 v.
3296 4017 3377 4094 g.
