3552 4592
652 390 676 410 x
758 382 765 388 ·
896 370 977 421 ac
1012 344 1185 418 odio
1218 342 1664 416 obnubilant.
1881 406 1886 412 .
2212 380 2218 389 ·

895 128 929 185 1
942 124 1051 209 44
1530 88 2108 205 Observationes·
2133 92 2218 172 in
2245 42 2662 199 Judtrinm'

842 300 851 312 -
892 242 1137 347 probis
1168 266 1347 342 quos
1374 220 1487 321 i'sti
1520 239 1826 343 peffimae
1855 225 2048 316 notae
2081 240 2376 341 genuini
2419 216 2882 315 Enthxufiastae
2921 232 3050 318 su'o
3099 228 3404 371 nomipd

989 442 1069 550 N
1080 466 1176 515 on
1225 439 1433 537 potui
1472 440 1651 551 quin
1700 436 1817 511 hic
1865 434 2118 511 fuerim
2166 410 2608 534 aliquantum
2659 434 3006 546 prolixior
3036 491 3062 529 ,
3113 430 3411 535 quando

898 538 1381 613 animadverto
1410 594 1435 627 ‚
1488 538 1559 611 1d
1592 558 1849 609 nunc-a
1879 536 2128 609 Satana
2165 532 2594 633 potissimum
2633 558 2753 634 agi
2785 582 2812 626 ,
2855 554 2940 609 ut
3323 564 3336 573 ·

1204 638 1928 747 '3Insanisapiens1nomen
1955 636 2186 730 ferat,
2235 660 2428 730 aquus
2443 666 2446 671 ·
2459 638 2678 726 iniqui.

634 770 650 777 ·
760 774 765 779 ·
902 758 985 809 ac
1020 730 1151 808 sub
1192 732 1410 807 titulo
1448 733 1856 826 Enthufiasmi
1895 754 2020 830 per
2073 730 2461 803 ordinarios
2511 726 2799 825 hujusce
2837 728 3114 828 generis
3162 704 3406 803 ultimi

898 828 1379 907 Enthufiastas
1404 886 1428 923 ,
1478 843 1873 904 contemtui
1899 826 2010 904 vel
2045 828 2216 901 odio
2244 844 2554 922 exponat
2580 846 2943 924 quotquot
2959 827 3119 901 sunt
3143 826 3272 927 qui
3291 824 3406 901 di·

904 929 1209 1008 viniores
1236 950 1315 1002 ac
1352 928 1654 1002 maxime
1682 922 2068 1000 salutiferas
2093 922 2181 999 de
2203 923 2503 997 internis
2539 923 2682 999 Dei
2715 922 3242 1021 operationibus
3275 948 3408 999 ve-

900 1025 1146 1111 ritates
1185 1049 1378 1101 nunc
1413 1022 1749 1123 temporis
1780 1020 2212 1121 profitentur
2251 1040 2462 1118 atque
2503 1022 3038 1097 commendant.
3129 1022 3410 1097 Metuit

904 1121 1170 1199 scilicet
1191 1122 1389 1198 vafer
1405 1121 1794 1198 animarum
1815 1119 2030 1195 hostis
2059 1143 2148 1193 ne
2176 1140 2300 1214 per
2319 1142 2430 1192 eas
2448 1118 2768 1193 veritates
2789 1120 3074 1195 redeant
3089 1118 3432 1200 homines.

899 1218 990 1297 ad
1012 1222 1297 1297 intimos
1321 1218 1533 1293 animi
1566 1218 1856 1294 recess‘us
1876 1266 1908 1308 ‚
1959 1215 2082 1291 ubi
2099 1218 2348 1307 Deum
2369 1215 2446 1290 in
2469 1214 2738 1313 Spiritu
2769 1242 2852 1291 ac
2877 1211 3417 1293 -veritatesscrh

904 1338 1276 1428 pturarum
1318 1318 1457 1393 SS.
1513 1337 1676 1391 vera
1702 1313 1888 1389 sensa
1909 1313 2349 1412 pandentem
2389 1312 2678 1389 audiant
2712 1367 2732 1401 ,
2803 1314 3280 1425 detegantque
3325 1324 3416 1389 ac

658 1406 666 1414 ⁸
768 1498 778 1506 κ
904 1416 1223 1514 rej1ciant
1273 1414 1604 1511 deinceps
1642 1410 2190 1493 ordinariorum
2249 1409 2588 1495 horumce
2629 1410 2873 1487 divina
2911 1430 3412 1487 mentientium

906 1510 1511 1601 Enthufiastarum
1538 1514 1868 1601 technas,
1919 1508 2192 1583 fraudes
2220 1564 2243 1600 ,
2293 1506 2675 1607 falsamque
2707 1508 2786 1584 δε
2821 1509 3100 1583 inanem
3145 1506 3424 1607 sapien·-

908 1608 1081 1685 tiam
1120 1608 1309 1685 suam
1344 1604 1822 1683 scholasticam
1853 1630 1937 1681 ac
1970 1604 2433 1704 Sophisticam
2455 1658 2479 1693 ‚
2526 1630 2670 1704 qua
2701 1606 2968 1681 divinae
3018 1604 3416 1703 Scriptura·

908 1707 1059 1781 vim
1088 1726 1305 1785 totam
1336 1729 1417 1780 ac
1451 1705 1858 1781 sententiam
1895 1704 2340 1781 inverterunt
2375 1759 2399 1796 ,
2455 1704 2532 1777 &
2559 1703 2910 1781 mundum
2938 1724 3418 1799 occoeoetum,

912 1805 1214 1905 imperio
1240 1801 1369 1879 suo
1400 1826 1499 1877 ac·
1518 1802 1852 1903 regimini
1887 1800 2253 1900 hucusque
2286 1797 2766 1875 subdiderunt.
3301 1867 3311 1875 .

1010 1925 1082 2001 7.
1114 1966 1129 2012 ..
1138 1904 1369 1975 Porro
1391 1953 1413 1987 ‚
1463 1903 1689 1976 cuivis
1720 1895 1915 1974 nunc'
1936 1899 2114 1973 relin
2165 1924 2260 1973 uo
2283 1895 2786 1995 dispiciendum
2817 1952 2840 2009 ².
2889 1898 3208 2009 quoiure
3228 1922 3414 1999 qua-

910 1994 1679 2195 ἶὲἔὲἰῖἑὲῖεὲἓηὲί
1688 1996 2083 2204 ige-133„-
2115 1995 2386 2203 ⁶35?ss
2393 1992 2814 2167 5333&
2823 1995 3422 2171 ffl'flffi'sg

915 2213 1060 2269 tam
1091 2192 1267 2269 boni
1296 2216 1509 2291 quam
1540 2189 1705 2266 mah
1738 2214 2015 2294 generis
2053 2192 2128 2266 δε
2151 2190 2323 2263 olun
2347 2190 2425 2266 δε
2456 2191 2591 2267 hoc
2620 2210 2764 2265 tem
2815 2216 2938 2265 ore
3065 2191 3276 2269 novi:
3333 2210 3418 2269 at

911 2315 1080 2368 eum
1120 2280 1195 2366 in
1226 2290 1374 2366 aliis
1398 2289 1768 2404 agnoscere
1799 2339 1826 2380 ‚
1889 2288 1962 2364 id
1993 2313 2146 2368 non
2177 2284 2347 2362 facit
2381 2286 2690 2386 aliquem
2799 2290 2980 2364 nthu
3073 2288 3242 2365 stam
3277 2286 3436 2368 nifi-

916 2391 976 2463 is
1010 2387 1212 2463 illum
1242 2387 1329 2464 de
1348 2388 1419 2463 se
1436 2385 1589 2485 ipso
1610 2385 2058 2486 profiteatur.
2125 2383 2348 2484 Quod
2375 2409 2742 2484 nunquam
2773 2413 2812 2460 a
2839 2411 2954 2460 me
2981 2385 3250 2464 fitium
3277 2385 3414 2466 est.

914 2487 1317 2586 Nunquam
1352 2487 1545 2560 enim
1586 2485 1763 2560 mihi
1791 2485 1976 2560 dona
2009 2484 2152 2560 Dei
2183 2484 2734 2559 extraordinaria
2759 2509 2841 2558 ac
2857 2485 3110 2585 enthea
3135 2485 3420 2582 scriptis

912 2587 1043 2662 au't
1071 2583 1307 2660 verbis
1334 2581 1698 2683 arrogavi:
1753 2582 2017 2682 agnovi
2045 2581 2284 2681 potius
2303 2630 2328 2672 ‚
2382 2605 2498 2656 me
2520 2637 2545 2672 ‚
2592 2581 2804 2678 culpa
2828 2607 2981 2657 mea
3009 2631 3038 2673 ,
3087 2607 3178 2658 ne
3211 2582 3418 2658 ordi·

918 2682 1132 2758 nariis
1216 2681 1457 2761 uidem
1492 2679 1601 2754 uti
1645 2679 1900 2768 vellem
1943 2729 1970 2770 ,
2030 2678 2441 2754 adhucdum
2493 2679 2862 2776 praeditum
2913 2679 3052 2755 effe
3097 2727 3123 2770 ‚
3185 2703 3421 2778 quan-

914 2801 1127 2878 quam
1209 2780 1419 2868 ivino
1439 2775 1705 2855 auxilio
1736 2777 1825 2852 ad
1857 2801 1940 2854 ea
1967 2833 1990 2871 ,
2045 2777 2184 2852 hoc
2215 2773 2316 2868 est
2348 2824 2374 2866 ,
2409 2775 2498 2850 ad
2521 2777 2820 2874 Spiritus
2851 2778 2996 2852 Dei
3027 2801 3180 2852 mm
3209 2801 3420 2852 com-

914 2875 1468 2952 municationem
1498 2933 1522 2968 ,
1574 2875 1721 2975 qua
1755 2899 2002 2950 omnes
2029 2871 2336 2950 salvandi
2363 2897 2442 2956 ac
2479 2863 2716 2950 Deum
2743 2872 2955 2950 visuri
2981 2923 3008 2965 ‚
3033 2875 3282 2975 pattici
3381 2901 3418 2956 s
3493 2941 3495 2948 .

912 2973 1053 3048 effe
1076 2972 1342 3048 debent
1363 3029 1389 3066 ,
1440 2995 1745 3071 quaeque
1774 2974 1851 3046 in
1878 2973 1976 3048 eis
2007 3029 2033 3067 ,
2081 2989 2415 3070 operante
2443 2971 2696 3048 eodem
2733 2971 2878 3049 Dei
2923 2972 3196 3072 Spiritu
3215 3030 3241 3066 ‚
3359 2974 3426 3046 i·
3461 2969 3483 2982 ‘

880 3071 1084 3146 -dem
1118 3129 1145 3165 ,
1204 3073 1411 3168 Spem
1436 3070 1971 3146 &Charitatem
2007 3066 2389 3162 efficit,·ex
2409 3067 2645 3144 animo
2678 3067 3012 3180 adspirem
3038 3128 3063 3166 ,
3113 3071 3228 3146 cui
3251 3071 3426 3169 qui·
3492 3107 3495 3144 z

912 3166 1073 3242 dem
1113 3166 1254 3243 fine
1285 3169 1998 3244 extraordinariorum
2033 3165 2367 3242 desiderio
2389 3189 2474 3240 ac
2505 3165 2960 3265 requisitione
2995 3225 3020 3260 ,
3067 3187 3426 3260 contento

914 3265 1341 3363 acquiescam
1384 3266 1647 3345 animo.
1750 3265 1974 3366 Quod
2025 3262 2078 3338 fi
2124 3289 2298 3339 vero
2333 3286 2448 3338 me
2488 3260 2695 3338 sensu
2731 3264 2920 3342 malo
2969 3263 3166 3340 RR.
3206 3265 3422 3362 Viri,
3454 3318 3495 3362 ·.

894 3383 1384 3442 *annumerent
1412 3361 1799 3441 istiusmodi
1837 3360 2296 3438 Enthufiastis
2321 3361 2447 3460 qui
2479 3361 2596 3437 vel
2626 3361 3037 3455 Daemonis,
3089 3361 3209 3438 vel
3233 3363 3426 3440 insa·
3493 3423 3495 3432 .

918 3482 1031 3536 πε
1066 3463 1321 3538 mentis
1348 3459 1591 3536 furore
1622 3489 1661 3536 a
1714 3478 1934 3535 untur
1953 3517 1974 3553 ‚
2001 3459 2330 3536 divinum
2358 3457 2636 3534 interim
2657 3457 2968 3536 afflatum
3001 3457 3432 3554 instituite,
3492 3495 3495 3552 T

894 3559 1282 3636 manifesta
1320 3558 1394 3633 id
1427 3561 1563 3633 erit
1682 3556 1965 3636 versum
1983 3581 2110 3646 ,me
2147 3556 2492 3632 calumnia
2513 3613 2559 3657 ,-
2591 3557 2717 3656 qui
2751 3583 2841 3635 ne
2871 3557 3160 3658 quidem
3201 3557 3306 3655 ita
3329 3561 3430 3638 de
3493 3585 3495 3592 ·

916 3655 1176 3734 divinis
1210 3653 1774 3828 spiritalibusque
1801 3653 2011 3766 rehu}
2038 3653 2420 3755 scripserim
2445 3677 2754 3764 unquam
2789 3675 2916 3732 aut
2947 3656 3238 3732 locutus
3255 3651 3426 3754 iim,
3490 3633 3495 3660 ⁸

920 3773 1003 3828 ut
1035 3753 1243 3830 dietis
1270 3777 1441 3828 meis
1479 3751 1569 3827 ab
1606 3777 1657 3828 u
1688 3749 1759 3828 lo
1803 3750 1996 3827 credi
2032 3753 2384 3829 voluerim
2419 3749 2562 3827 fine
2599 3749 2830 3830 sohdo
2855 3780 2896 3830 e
2937 3751 3309 3853 Scriptura
3339 3755 3428 3832 S.

916 3868 1045 3928 aut
1070 3877 1113 3930 e
1142 3850 1397 3930 saniori
1420 3851 1690 3944 ratione
1711 3847 2037 3934 desumto
2057 3875 2140 3929 ac
2155 3849 2438 3952 *prolato
2459 3871 2920 3952 argumento:
2951 3847 3062 3943 uti
3079 3851 3442 3932 exomni·
3492 3915 3495 3924 ,

3291 3949 3440 4058 bu!
