3552 4592
776 132 805 225 -C
887 76 1078 211 298‘
1202 97 1826 179 Iumcun
1882 84 2216 203 UNgv.
2275 87 2792 173 Secu-im.
2855 91 3248 179 Ain-J..

889 246 1157 323 causam
1195 244 1522 321 Christus
1552 266 1601 335 ‚‘
1631 244 1754 341 qui
1787 242 2102 341 profesto
2148 261 2300 316 tum
2345 240 2954 339 degenerationem
3049 264 3128 319 ut
3151 245 3244 320 fic
3264 248 3364 321 di-

896 370 1043 418 cam
1072 404 1095 437 ‚
1149 344 1499 416 bonorum
1528 400 1549 433 ,
1603 362 1753 415 tum
1796 340 2280 415 confusionem
2311 360 2449 435 qua
2502 338 2728 411 class‘es
2767 301 3107 431 diversas,
3155 368 3368 440 quon-

898 443 1055 515 dam
1081 442 1265 513 inter
1294 464 1411 512 eos
1434 438 1775 511 distinctas
1804 494 1827 530 ‚
1877 434 2456 509 commiscuerant
2488 491 2511 525 ,
2540 455 2694 507 tum
2721 437 3098 509 mixturam
3129 438 3372 534 impio·-

906 564 1067 611 rum
1090 540 1271 609 inter
1290 560 1409 609 eos
1437 592 1459 627 ‚
1513 534 1715 608 nullo
1748 534 1962 607 modo
1983 530 2405 629 approbabat
2437 556 2459 617 3
2509 532 2952 629 posteaquam
2983 552 3216 609 tamen
3235 560 3368 607 ma·

906 634 1057 709 lum
1088 634 1163 707 id
1188 635 1329 731 jam
1355 631 1697 705 acciderat
1717 679 1749 718 ,
1797 654 1942 702 non
1965 628 2204 725 potuit
2239 651 2382 699 non
2413 626 2794 723 approbare
2817 649 2898 701 ut
2924 631 3234 705 exterior
3251 631 3372 705 ob-
3479 638 3488 647 '

910 731 1205 805 servatio
1236 727 1784 801 communionis
1817 722 2624 823 primitivae‚s·an&0rum
2657 776 2678 811 ‚
2741 724 3252 821 imperfectioni
3277 750 3370 805 at·
3484 813 3493 822 ,

910 854 1045 923 que
1078 822 1458 899 infirmitati
1494 825 1567 895 in
1588 818 2616 921 quam-Christianiinciderant
2637 876 2661 910 ‚
2711 823 3368 899 accommodaretur.

908 930 1151 1019 Atque
1172 923 1265 994 ita
1292 920 1697 1018 approbavit
1722 940 1806 991 ut
1897 942 1974 991 er
2000 916 2425 989 ceremonias
2461 914 2806 991 senfibiles
2835 974 2860 1008 ‚
2912 919 3223 1015 pluribus
3249 923 3368 995 cir-

906 1018 1326 1105 cumstantiis
1356 1016 1784 1105 constanteS,
1841 1010 2320 1113 ignificaretur
2339 1012 2776 1085 Communio
2789 1014 3374 1111 acpraeseniiaex-

907 1138 1099 1189 terna
1137 1115 1480 1211 Corporis
1510 1112 1607 1187 sui
1632 1169 1655 1203 ‚
1712 1136 1874 1207 quae
1911 1109 2280 1183 hominum
2317 1106 2514 1207 statui
2556 1132 2643 1181 eo
2681 1130 3006 1206 tempore
3025 1116 3243 1222 magis
3271 1140 3370 1209 re-

902 1210 1284 1309 spondebat
1316 1238 1337 1297 3
1392 1230 1543 1283 tum
1584 1228 1667 1282 ut
1694 1232 1819 1303 per
1850 1206 2060 1279 sacras
2091 1204 2285 1279 hasce
2316 1204 2738 1279 ceremonias
2767 1206 3212 1285 Communio
3245 1210 3364 1309 spi·
3462 1285 3471 1294 ,

904 1308 1175 1382 ritualis
1204 1331 1367 1380 cum
1398 1306 1559 1379 Deo
1586 1360 1610 1395 ‚
1662 1327 1791 1375 nec
1829 1329 1972 1377 non
1992 1302 2427 1375 Communio
2458 1302 2844 1375 Charitatis
2863 1326 3071 1401 quam
3096 1306 3363 1395 aliialiis

902 1404 1221 1501 praestare
1244 1402 1499 1475 debent
1524 1450 1547 1487 ,
1595 1398 2066 1499 defignare'tut
2101 1430 2124 1483 ·‚
2163 1416 2320 1497 tum
2349 1396 2558 1471 etiam
2586 1419 2666 1471 ut
2699 1423 2827 1494 per
2851 1398 3122 1473 easdem
3159 1403 3369 1497 homi-

906 1526 1024 1575 nes
1060 1498 1360 1588 infirmi,
1410 1518 1478 1569 at
1500 1494 1684 1569 bona
1710 1514 1941 1569 tamen
1973 1495 2340 1568 voluntate
2363 1493 2684 1602 praediti,
2737 1496 2809 1568 in
2838 1496 3224 1571 attentione
3250 1500 3368 1573 Dei
3462 1563 3471 1572 .

903 1624 981 1670 ac
1012 1594 1273 1669 Christi
1313 1651 1336 1685 ,
1398 1593 1886 1667 inreverentia
1919 1648 1942 1682 ‚
2011 1592 2084 1664 in
2137 1590 2534 1665 humilitate
2562 1638 2588 1679 ,
2642 1590 2716 1663 in
2760 1590 3258 1689 submissione,
3303 1596 3368 1669 in

906 1692 1046 1767 fide
1072 1746 1094 1779 ,
1147 1694 1224 1765 in
1253 1690 1363 1788 spe
1391 1746 1417 1781 ,
1467 1691 1540 1765 ὃς
1574 1688 1653 1761 i'n
1682 1688 2016 1761 charitate
2058 1684 2294 1761 coram
2335 1688 2494 1759 Deo
2545 1686 2950 1762 exercendis
2977 1697 3026 1777 ,'
3073 1713 3209 1765 nec
3234 1716 3364 1767 non

900 1792 973 1863 in
1012 1788 1383 1873 concordia
1412 1807 1574 1859 ’cum
1666 1784 1954 1859 roximis
1981 1784 2314 1869 colenda,
2367 1782 2966 1858 conservarentur.

620 1907 754 1967 νη.
993 1886 1161 1961 Vll.
1214 1883 1582 1959 Christum
1664 1907 1765 1954 aec
1788 1903 1928 1956 rata
1953 1878 2251 1955 habuisse
2283 1902 2361 1951 ac
2383 1878 2694 1977 probaffe
2729 1936 2752 1972 ‚
2805 1880 2952 1955 imo
2975 1881 3370 1960 &sanCtiffi<
3470 1965 3478 1974 ,

524 1980 865 2074 ,ΗΡνθόάΐκν
904 1983 1033 2057 mis
1071 1980 1425 2055 animabus
1479 2002 1635 2075 quae
1686 1980 1867 2052 inter
1915 1977 2364 2063 Christianos¹
2403 1995 2759 2073 utcunque
2799 1976 2966 2051 aliis
3012 2004 3372 2078 corruptos

514 2078 782 2138 ”g‘”“‘·
900 2098 1072 2154 tunc
1104 2074 1858 2173 vixeruntpraecepiss'e
1883 2097 1963 2147 ac
1991 2070 2538 2161 commendasse,
2561 2074 2796 2173 negari
2823 2098 2968 2147 non
2989 2078 3236 2171 potest.
3285 2078 3370 2153 Et

902 2177 1310 2273 quicunque
1345 2196 1472 2269 per
1518 2172 1812 2269 gratiam
1858 2168 1897 2243 ὲ
1946 2170 2106 2243 Deo
2149 2168 2376 2247 datam
2425 2168 2726 2264 Spiritus
2770 2172 2844 2242 S.
2911 2172 3362 2260 churafiberun

900 2272 1303 2370 ubicunque
1338 2268 1524 2344 adest
1560 2266 1963 2367 dignofcere
1987 2266 2192 2340 novit
2223 2323 2246 2357 ,
2299 2262 2601 2359 ejusdem
2631 2266 2934 2342 verit-atis
2967 2290 3365 2368 argumenta

904 2367 1269 2444 certissima
1309 2386 1519 2466 atque
1561 2363 1826 2440 invicta
1873 2363 1949 2438 in
1998 2361 2263 2462 scriptis
2315 2387 2396 2438 ac
2446 2360 2612 2440 vitis
2659 2362 3076 2439 sanctorum
3133 2369 3372 2444 horum

906 2491 1199 2542 ommno
1226 2463 1567 2538 inveniet.
3139 2549 3147 2556 ·

1004 2559 1273 2639 Verum
1311 2582 1393 2635 ut
1421 2561 1495 2632 in
1530 2556 2102 2654 Scriptura‘sacra
2135 2580 2530 2632 maneamus
2633 2555 2950 2633 videmus
2976 2560 3194 2636 verba
3225 2558 3372 2660 qui·
3452 2593 3464 2603 ·

907 2659 1035 2732 bus
1064 2659 1387 2734 Christus
1418 2658 1488 2727 in
1520 2651 1938 2756 instituenda
1962 2656 2498 2730 Communione
2533 2615 2716 2726 {item
2751 2651 3055 2744 ususqst
3087 2707 3115 2747 ,
3161 2655 3382 2756 suppli-t

907 2757 1046 2830 cari
1078 2756 1269 2854 poss'e
1296 2755 1381 2827 ad
1399 2755 1585 2827 Com
1596 2751 2002 2825 munionem
2035 2773 2400 2850 utramque
2419 2801 2444 2847 2
2467 2749 2888 2847 primiti-vam
2913 2753 3060 2850 pari
3068 2775 3368 2849 teratque

910 2854 1239 2926 variatam
1267 2909 1287 2944 ‚
1340 2850 1557 2956 qualis
1590 2847 1850 2920 seilicet
1878 2846 2014 2920 sub
2035 2867 2342 2945 utroque
2367 2845 2548 2920 statu
2587 2847 2832 2944 popu-li
2874 2849 3250 2929 Christiani
3287 2849 3368 2920 de

908 2973 1055 3046 quo
1084 2947 1387 3022 diximus
1418 3005 1441 3036 ,
1477 2943 1794 3044 perfeeto
1823 2942 1998 3041 puta
2019 2963 2226 3040 atque
2244 2943 2452 3018 misto
2473 2945 2587 3018 seu
2609 2965 2945 3042 corrupto
2971 3003 2996 3038 ,
3021 2945 3180 3022 finit.
3229 2947 3374 3020 Ne-

903 3069 1027 3116 mo
1047 3045 1148 3117 est
1172 3045 1293 3140 qui
1317 3041 1595 3116 dubitet
1611 3040 1824 3115 verba
1845 3041 2107 3114 Christi
2131 3065 2211 3114 ac
2229 3039 2522 3114 Pauliad
2549 3039 3152 3118 Communiohem
3169 3043 3374 3142 qualis

902 3137 1113 3213 hodie
1150 3141 1277 3213 usu
1315 3137 1730 3212 observatur
1758 3137 2089 3233 applicari
2111 3137 2326 3235 poffe.
2395 3137 2589 3230 Nam
2671 3131 2948 3214 uamvis
2971 3137 3182 3216 hodie
3203 3141 3374 3216 inter

780 3255 785 3258 ·
898 3235 1332 3310 Christianos
1370 3237 1443 3308 in
1462 3253 1685 3332 partes
1716 3232 2012 3309 diversas
2041 3232 2328 3322 divisos,
2377 3232 2491 3304 alii
2521 3229 2788 3306 senum
2811 3239 3376 3336 atqueinterpre·

903 3334 1236 3406 tationem
1269 3333 1357 3408 ab
1384 3331 1531 3404 aliis
1569 3349 1924 3425 receptam
1954 3353 2100 3402 non
2135 3329 2480 3427 probent3
2530 3329 2814 3404 nullum
2857 3352 3086 3408 tamen
3121 3335 3222 3408 est
3251 3335 3378 3408 du-

899 3425 1099 3503 bium
1117 3430 1289 3528 quin
1314 3428 1523 3501 verba
1540 3425 1810 3499 Christi
1831 3427 1953 3500 uni
1975 3427 2214 3500 harum
2247 3426 2904 3523 interpretationum
2923 3433 3372 3505 conveniant:

897 3523 1042 3600 fola
1072 3546 1301 3599 autem
1330 3524 1695 3597 difficultas
1723 3523 1798 3596 in
1827 3549 1914 3596 eo
1943 3522 2044 3596 est
2073 3545 2153 3598 ut
2182 3546 2504 3622 quaenam
2549 3523 2702 3594 haec
2729 3549 2868 3598 una
2897 3525 2981 3600 fit
3017 3527 3285 3604 sciatur·
3305 3549 3376 3598 ac

898 3619 1311 3697 definiatur„
1398 3620 1565 3717 Qua
1618 3620 1693 3692 in
1737 3643 1813 3691 re
1865 3645 2101 3694 meum
2153 3643 2298 3695 non
2345 3618 2446 3693 est
2477 3619 2848 3718 quicquam
2906 3623 3025 3698 hic
3065 3623 3381 3700 dete-⁶³:-

898 3741 1088 3793 nare.

986 3813 1248 3912 Neque
1266 3812 1476 3890 etiam
1504 3807 1798 3888 dubium
1829 3812 1962 3888 effe
1991 3811 2218 3910 potest
2239 3871 2268 3910 ‚
2309 3812 2558 3890 eadem
2581 3811 2788 3892 verba
2801 3815 3066 3895 Christi
3091 3821 3266 3991 ²⁶1}ss
3345 3815 3380 3888 fi

3345 3937 3386 3988 ιι
