3552 4592
35 0 251 85 ᾑ-
336 0 382 2 ,-

37 88 40 127 Ι

396 169 521 259 De
534 160 1069 260 Admonitione
1102 188 1363 259 contra
1385 170 1755 261 Libellum
1771 172 2286 265 Educationis.
2456 208 2492 265 1
2507 185 2556 269 6
2563 213 2602 297 3

45 327 54 402 ζ
194 323 445 397 ἄποδα·
472 327 565 395 eff
589 353 723 395 rem
773 346 819 397 P
843 350 890 398 ο
914 348 945 398 s
966 351 997 400 s
1016 350 1065 398 z
1104 322 1249 417 fieri
1271 382 1295 419 ,
1346 326 1665 427 opposite
1689 326 1776 402 ad
1813 328 2314 427 impotentiam·
2343 353 2612 429 praece-

37 426 56 555 ἰ
208 422 439 496 dentem.
512 421 651 495 Ex:
685 446 799 521 gr:
864 424 1108 499 Pastor
1144 425 1393 523 aliquis
1446 450 1529 498 ac
1582 422 2080 503 Paterfamilias
2134 426 2231 501 ob
2279 427 2608 501 morbum

37 554 43 593 ,ι
205 518 379 591 omifit
412 518 730 593 Ecclefiae
774 544 859 593 ac
905 523 1157 597 domus
1207 526 1347 597 suae
1384 543 1621 597 curam
1666 524 1918 599 habere
1960 558 1984 612 3
2038 526 2398 599 domestici
2437 549 2608 598 vero

37 610 56 715 ᾗ
192 620 314 726 ejus
330 616 643 691 defierunt
675 616 766 689 ab
818 645 905 713 eo
954 620 1279 695 mandata
1313 620 1401 692 de
1440 623 1535 694 eis
1565 646 1728 721 quae
1768 646 1982 723 agant
2009 682 2034 723 ,
2085 624 2424 723 postulare
2461 648 2484 712 ·‚
2534 620 2611 693 δε

35 718 40 747 ³
198 714 465 789 aditores
500 715 605 789 fui
641 738 808 789 eum
842 718 1121 793 audire:
1177 719 1592 817 impotentia
1618 720 1857 795 ‘morbi
1888 720 2188 812 sublata,
2214 744 2450 793 nonne
2471 716 2614 791 dici

188 814 353 902 solet,
388 814 595 911 idque
621 812 803 887 bene
831 873 854 907 ‚
904 842 1069 891 eum
1100 819 1245 913 jam
1288 820 1441 913 poffe
1473 817 1608 891 suae
1643 816 1980 893 Ecclesiae
2024 842 2102 892 ac
2144 818 2389 893 domui
2443 841 2610 917 pro-

178 910 443 1010 spioere3
491 914 569 987 &
600 910 951 988 auditores
986 919 1137 1013 pff·
1174 938 1365 987 nunc
1398 938 1563 988 eum
1612 917 1852 989 audire
1889 974 1912 1009 ‚
1965 937 2047 989 ut
2082 920 2156 991 &
2191 914 2614 989 domesticos

167 1007 401 1109 posse‘ab
424 1034 507 1083 eo
529 1008 992 1085 direffionem
1030 1012 1375 1110 postulare
1395 1012 1433 1085 ,Ρ
1470 1016 1589 1087 An
1610 1015 1747 1087 hoc
1773 1014 2111 1113 loquendi
2139 1014 2358 1087 modo
2397 1010 2615 1109 figni-

178 1106 465 1183 fimbitur
507 1132 613 1181 ree
644 1132 772 1182 cas
810 1109 946 1183 effe
990 1107 1459 1183 indifferentes
1495 1112 1570 1184 δε
1607 1136 1755 1185 non
1804 1112 2200 1185 neceffarias
2233 1112 2260 1185 ?
2324 1110 2618 1183 Infinita

171 1206 427 1282 omnino
443 1205 629 1280 istius
648 1205 997 1307 loquendi
1012 1209 1207 1283 modi
1226 1231 1429 1281 exem
1440 1207 1551 1305 pla
1574 1206 1646 1281 in
1665 1208 1970 1281 medium
1991 1205 2290 1307 proferri
2311 1206 2499 1305 posse
2507 1224 2611 1279 nt.

156 1308 381 1401 ,Atque
392 1300 543 1376 hine
562 1304 659 1378 est
676 1364 704 1398 ,
738 1306 937 1402 quod
954 1330 1118 1381 cum
1142 1305 1442 1380 infantes
1471 1305 1699 1379 statim
1738 1332 1779 1379 a
1805 1308 2160 1382 nativitate
2183 1330 2329 1379 non
2359 1302 2614 1403 poffint

160 1401 383 1477 doceri
404 1424 591 1476 omre
615 1460 640 1495 ,
692 1404 791 1476 ob
823 1406 1207 1478 naturalem
1242 1405 1497 1477 virium
1526 1402 1800 1477 suarum
1835 1404 1930 1475 im
1987 1402 2372 1490 otentiam3
2410 1400 2612 1475 fimul

162 1524 231 1575 ac
248 1500 363 1575 ista
386 1500 793 1599 impotentia
818 1500 1166 1577 evanescit
1195 1559 1220 1595 ,
1273 1520 1449 1576 tunc
1482 1502 1860 1576 dicendum
1900 1430 2167 1577 siivere
2187 1526 2268 1573 ac
2293 1500 2615 1611 proprie,

150 1603 287 1697 ροβε
318 1622 439 1673 eos
486 1598 724 1673 doceri
770 1598 1193 1675 Orationem
1241 1599 1693 1674 Dominicam
1738 1586 2056 1698 aliasque.
2157 1596 2367 1697 Qud
2415 1597 2611 1697 quod

164 1696 483 1795 Scriptura
504 1697 721 1771 etiam
762 1697 891 1771 hac
920 1722 1099 1772 voce
1136 1716 1377 1771 utatur
1404 1697 1480 1769 in
1506 1697 1604 1773 eis
1633 1720 1795 1795 quae
1836 1698 1991 1771 talis
2035 1695 2448 1790 impotentia
2491 1720 2612 1768 na-

162 1810 313 1869 tuae
353 1816 497 1867 non
696 1792 890 1869 ceflit
940 1796 972 1870 ?
1052 1794 1197 1869 Ex.
1232 1818 1354 1897 gr.
1415 1794 1643 1870 Marc.
1692 1817 1830 1893 14:
1885 1817 1955 1891 7.
2029 1804 2292 1897 Semper
2319 1816 2614 1891 pauperes

154 1892 527 1965 unisvobi
554 1918 739 1981 cnm,
792 1897 873 1973 ὠ·
907 1920 1043 1964 cum
1078 1896 1401 1964 volueritis
1431 1940 1459 1982 ‚
1518 1905 1631 1967 ΡΘ
1654 1918 1769 1965 τε
1795 1914 1932 1965 81⁴1
1959 1916 1991 1965 s
2041 1896 2167 1962 illis
2220 1891 2609 1981 benefacere.
2686 1951 2695 1960 ,

143 1988 361 2069 nicae
404 2016 537 2088 pro
640 1987 747 2065 nit
798 1988 1125 2064 Christus
1171 2009 1507 2088 tanquam
1554 2014 1703 2066 rem
1756 1986 2268 2083 indifferentem
2333 1988 2410 2061 &
2450 2010 2616 2085 qua:

146 2086 359 2163 ontitti
570 2106 604 2161 t
622 2140 645 2177 ,
694 2104 756 2162 τὶ
790 2086 1156 2187 benefacere
1178 2090 1545 2199 pauperibus
1568 2146 1591 2181 ,
1644 2112 1811 2162 cum
1849 2107 2085 2161 tamen
2120 2110 2208 2161 ex
2255 2086 2462 2183 hujus
2507 2082 2613 2157 rei

148 2182 699 2287 pitter-mistione
728 2204 851 2259 aut
883 2186 1083 2298 praxi
1120 2186 1459 2259 'udicmm
1490 2184 1743 2285 gloriae
1781 2204 1902 2257 aut
1935 2184 2278 2283 gehennae
2311 2182 2395 2255 fit
2435 2180 2612 2256 olim

150 2282 711 2386 pronuntiaturus
748 2284 783 2358 ?
832 2285 949 2360 Slc
1004 2307 1039 2357 11
1148 2282 1318 2360 hess'.
1342 2301 1431 2385 3:
1466 2311 1534 2382 9.
1586 2286 1805 2382 ,Quam
1840 2289 2004 2357 enim
2073 2288 2380 2355 ratiarum
2422 2284 2614 2350 affl-io-

97 2388 265 2471 :m
300 2405 741 2458 Possunt}
766 2407 802 2456 s
847 2382 1179 2456 retribuere
1211 2387 1351 2453 Deo
1390 2406 1501 2483 pro
1542 2385 1719 2454 vobis
1756 2435 1778 2468 ,
1824 2380 1960 2455 δῖε.
2007 2439 2024 2454 .
2117 2379 2352 2453 Hicne
2404 2377 2612 2450 etiarn

101 2480 110 2489 '
150 2475 387 2556 Palus
416 2503 573 2556 rem
614 2479 1062 2578 adiaphoram
1090 2538 1113 2572 ,
1162 2481 1241 2556 ac
1266 2501 1429 2580 quae
1462 2478 1701 2554 omitti
1724 2477 1930 2579 poffit
1965 2537 1987 2572 ,
2021 2477 2184 2552 vuit
2214 2473 2625 2575 defignare?

148 2573 407 2654 Omitto
442 2579 679 2680 plura.
752 2601 852 2651 ·2.
906 2576 1291 2678 Subjungit
1331 2577 1431 2652 D.
1467 2577 1563 2652 D.
1598 2579 1974 2650 horribiliter
1991 2603 2072 2646 ac
2093 2600 2308 2646 contra
2333 2579 2618 2646 honorem

83 2697 121 2757 ,·
144 2675 359 2775 arista·
378 2726 413 2767 ‚
460 2684 884 2778 precationem
918 2678 1283 2748 Rusbrochii
1312 2675 1628 2772 adaquari
1660 2680 1961 2746 Orationi
1999 2679 2334 2744 Domimcae
2360 2728 2392 2762 .‚
2441 2669 2615 2742 dum

140 2767 381 2848 &inlr
400 2831 427 2868 ,
480 2779 825 2846 Dominicae
840 2779 1187 2872 precationi
1204 2775 1363 2872 ροβε
1394 2774 1548 2844 addi
1586 2771 1948 2844 Rus'brochii
1962 2779 2404 2868 precationem.
2461 2763 2620 2842 Ubi

144 2865 635 2948 obsti-vandum
660 2921 687 2962 ‚
738 2871 837 2946 D.
864 2869 967 2945 D.
1020 2869 1141 2944 hic
1174 2871 1249 2944 in
1285 2868 1467 2942 suam
1511 2866 1722 2968 ipfius
1756 2867 2052 2969 gloss’am
2089 2890 2315 2966 agere.
2410 2861 2610 2936 Nam

146 2961 235 3064 fi,
274 2993 361 3046 ex
380 2967 533 3065 ejus
552 2966 917 3070 principiis
934 3017 971 3059 ,‚
1012 2985 1071 3034 τι
1114 2991 1163 3041 Ρ
1183 2995 1229 3042 o
1254 2991 1283 3040 s
1308 2993 1339 3040 s
1358 2991 1412 3038 ε
1441 2969 1682 3066 aliquid
1711 3025 1736 3059 ‚
1787 2967 2072 3039 denotat
2103 2987 2247 3036 rem
2279 2959 2614 3058 adiapho·

143 3085 265 3140 m
287 3126 323 3164 ‚
367 3069 451 3144 δί
491 3091 661 3168 quae
700 3063 911 3166 poffit
932 3063 1171 3140 omitti
1205 3093 1237 3140 ε-
1278 3065 1480 3164 Ergo
1515 3121 1539 3158 ‚
1590 3088 1681 3137 ex
1700 3089 1786 3138 eo
1811 3063 2006 3162 quod
2030 3059 2290 3134 dicitur
2316 3059 2614 3130 Orationi

141 3163 351 3260 &fii
396 3189 619 3240 ross
645 3189 693 3238 ιτ.
746 3186 993 3238 Anni
1030 3167 1394 3245 Orationem
1426 3159 1791 3234 Rusbrochii
1817 3219 1841 3254 ,
1893 3159 2322 3252 concludere
2339 3153 2619 3248 debuir,‘

121 3280 248 3363 ,μ’
276 3261 489 3338 suum
518 3262 938 3362 principium
966 3319 989 3354 ,
1039 3261 1217 3335 hanc
1256 3259 1680 3336 Orationem
1716 3258 2333 3332 Rusbrochianam
2377 3251 2620 3327 haberi

127 3354 250 3471 ᾔ
274 3385 353 3436 te
376 3359 761 3459 adiaphora
788 3361 863 3435 &
890 3355 1303 3432 accidentali
1320 3358 1407 3430 ad
1426 3355 1849 3432 Orationem
1876 3353 2145 3430 Christi
2171 3404 2195 3444 ‚
2243 3349 2616 3448 cujuscun-

185 3452 206 3473 “’
274 3459 579 3536 danum
610 3449 765 3532 haec
800 3453 1115 3550 habenda
1149 3453 1234 3530 fit
1276 3455 1659 3554 dignitatis.
1732 3453 1904 3530 Dici
1931 3471 2161 3526 autem
2188 3448 2452 3548 aliquid
2487 3445 2616 3520 ali-

250 3557 349 3636 m’
382 3555 743 3656 indifferens
781 3556 861 3630 δε
894 3552 1365 3643 accidentale,
1411 3576 1493 3626 ac
1518 3611 1541 3642 ,
1594 3552 1732 3624 hoc
1768 3547 1918 3648 ipso
1945 3549 2087 3624 dici
2115 3547 2336 3622 eidem
2371 3545 2470 3618 rei
2490 3567 2619 3646 par

187 3655 507 3770 &dure
526 3714 559 3749 ‚
608 3651 971 3728 manifeste
991 3671 1330 3752 pugnant.
1418 3649 1619 3760 Ergo
1656 3651 1753 3724 D.
1785 3645 2126 3724 D6&oris
2153 3641 2652 3720 accusationes·

175 3838 186 3849 ,
268 3755 593 3834 nvicem
616 3749 985 3825 destruunt
1012 3773 1103 3826 ex
1141 3748 1278 3826 suis
1312 3748 1673 3847 principiis
1711 3771 1802 3820 ac
1839 3742 2335 3820 fundamentis.
2432 3737 2512 3810 N
2519 3761 2618 3810 on

384 3879 443 3930 ο
494 3877 584 3927 us
616 3847 756 3925 ess'e
782 3868 1121 3948 praeteroe
1154 3870 1444 3922 monere
1466 3903 1491 3938 ‚
1542 3870 1621 3919 ea
1644 3869 1733 3918 ex
1762 3842 1896 3938 usu
1929 3839 2261 3916 omnibus
2293 3857 2620 3911 commu-

209 3947 365 4034 Tun
380 3877 667 4029 icssiroo
690 3945 1002 4046 ejusdem
1022 3944 1383 4048 dignitatis
1412 3942 1743 4046 aestimari
1766 3965 1931 4042 quae
1957 3938 2104 4016 aliis
2123 3935 2477 4047 dicuntur
2495 3933 2621 4005 ad·

1378 4065 1430 4119 x
1480 4065 1534 4120 2
1768 4101 1791 4112 -
2449 4053 2622 4130 Jun-
