3552 4592
441 106 1342 194 „BrntroTnEcAE
1397 65 1952 194 Utrumne.
2008 97 2317 201 §.IVJ
2492 114 2645 221 625

139 246 390 327 verfiis
425 248 784 339 hodiernis·
815 267 1138 347 agentem
1174 309 1197 342 ,
1249 251 1616 349 mysticum
1637 250 1965 327 nomines
1994 312 2017 345 ‚
2047 253 2161 327 sed
2190 255 2263 327 δί
2294 255 2361 329 in
2386 278 2533 328 uno
2556 273 2647 328 ex

147 346 602 445 sequentibus
619 348 1080 422 Bibliothecae
1105 370 1246 421 tuae
1268 354 1368 439 (a)
1397 352 1604 421 tomis
1625 398 1654 437 ,
1707 348 1837 421 uhi
1866 349 1954 423 de
1982 352 2313 447 operibus
2338 352 2646 449 Harphii·
2710 359 2793 429 (ιή
2818 360 2997 415 Tom-
3043 384 3079 397 r

151 435 232 518 δί
261 442 634 519 Molinofii
667 446 897 545 agitur
931 502 954 535 ‚
1009 470 1268 519 annum
1311 446 1505 543 1687
1542 446 1917 519 contendas
1954 448 2207 521 debere
2240 473 2283 519 a
2318 474 2431 521 me
2463 450 2533 523 δε
2556 448 2643 521 ab
2685 438 2814 493 vll.
2847 453 2983 517 1²³3·

153 541 296 615 illis
335 541 773 616 denominari
803 540 1153 642 mysticum.-
1207 541 1294 615 ab
1330 543 1460 615 illis
1489 579 1523 627 ‚·
1561 545 1682 639 qui
1724 541 1986 617 librum
2030 570 2259 618 unum
2300 569 2509 641 atque
2542 546 2644 619 al-³
2693 532 2815 588 547·

14 680 16 683 >
111 684 116 689 ·
160 657 402 711 terum
425 668 452 723 3
505 664 544 711 a
578 663 692 710 me
715 691 734 723 ‚
761 641 880 745 qui
911 642 1096 709 libros
1120 642 1387 740 mysticos
1428 642 1556 709 01530
1595 640 1929 712 ediderim
1960 665 1978 712 :
2036 642 2293 738 &quia
2322 643 2451 715 isto
2490 668 2645 715 mo-

154 734 254 807 do
281 734 500 809 risum
523 732 604 807 &
639 746 954 809 nauleam
991 756 1156 833 erga
1179 760 1386 832 opera
1407 758 1562 807 mea
1588 761 1736 808 non
1763 736 2043 811 dubitas
2062 760 2134 810 te
2161 742 2239 823 in
2269 738 2647 812 leitoribus'

151 832 626 905 excitaturum
657 888 680 923 ,
727 834 866 907 ,hoc
897 828 1066 905 adeo
1107 832 1248 905 tibi‘
1271 832 1528 905 arridet
1570 880 1594 920 ,
1637 852 1929 930 tamque
1971 833 2265 911 sollicite
2293 835 2645 923 inculcaS,

151 948 239 1003 ut
281 930 358 1001 id
386 928 742 1001 mendaci-i
779 954 924 1003 non
955 926 1062 1001 bis
1095 948 1212 1001 aut
1237 950 1346 1003 ter
1378 986 1403 1019 ‚
1454 926 1565 1000 sed
1607 930 1718 1001 vel
1761 930 2059 1003 omnino
2098 930 2260 1028 plus
2313 933 2538 1005 decies
2574 935 2643 1005 in

149 1024 359 1099 brevi
384 1026 658 1131 aliquot
687 1027 1115 1123 pagellarum
1139 1022 1356 1122 spatio
1386 1024 1682 1115 sollicite
1709 1045 1974 1124 repetas
2000 1084 2022 1118 ‚
2070 1023 2204 1099 nec
2228 1053 2369 1101 non
2401 1029 2646 1103 hodie·

25 1212 30 1217 ·
151 1145 320 1219 que,
345 1141 621 1219 quoties
639 1123 734 1195 de
765 1148 877 1197 me
898 1120 1205 1219 meisque
1235 1122 1572 1218 loquendi
1599 1122 1752 1195 ansa
1775 1121 1909 1204 tibi
1930 1123 2132 1197 datur
2152 1180 2175 1213 ,
2212 1126 2449 1198 eadem
2479 1148 2649 1197 cona

149 1220 358 1294 tinuo
392 1216 670 1291 oberres
705 1220 981 1293 chorda.
1081 1221 1178 1292 Et
1219 1218 1502 1313 mystica
1531 1218 1819 1314 quidem
1852 1221 1871 1290 i
1930 1219 1995 1292 sa
2014 1246 2161 1295 non
2182 1218 2397 1295 modo
2421 1224 2647 1294 nolim

19 1387 29 1398 ,
147 1339 296 1425 ego
320 1336 777 1388 contemnere
803 1342 825 1387 ε
883 1318 995 1389 sed
1035 1318 1110 1391 &
1133 1338 1212 1387 ea
1237 1371 1260 1407 ‚
1285 1317 1479 1412 'quia
1503 1315 1598 1386 nil
1635 1316 1827 1389 aliud
1886 1336 2017 1389 unt
2052 1341 2257 1414 quam
2288 1318 2507 1415 totius
2541 1319 2650 1390 di-

147 1412 468 1487 vinitatis
507 1410 803 1484 thesauri
840 1413 1383 1501 communicati,
1434 1411 1610 1485 tanti
1644 1411 1825 1485 facio
1858 1470 1878 1503 ,
1932 1433 2015 1486 ut
2052 1434 2413 1511 pei-optem
2452 1438 2538 1487 eo
2574 1416 2648 1487 in
2762 1468 2767 1474 -

148 1510 330 1605 statu
369 1509 509 1581 esse
545 1532 697 1603 quo.
727 1506 776 1579 fi
813 1507 1170 1583 bonorum
1212 1508 1422 1581 totius
1443 1509 1693 1581 mundi
1713 1507 1983 1605 jaEtura
2005 1558 2030 1598 ,
2086 1511 2647 1607 miseriarumque

147 1606 477 1679 omnium
497 1603 990 1680 afflistionibus
1025 1631 1102 1679 ea
1129 1604 1474 1681 redimere
1497 1604 1768 1701 -pofl‘em
1797 1663 1819 1696 ,
1858 1605 2059 1679 hilari
2084 1608 2319 1681 animo
2351 1632 2514 1685 cum
2544 1606 2650 1678 di·-

149 1705 326 1777 vino
355 1701 636 1799 Ignaxio
671 1701 976 1776 dicerem
1003 1728 1024 1775 2
1091 1708 1259 1798 Ignis
1287 1707 1371 1780 ὠ·
1405 1728 1608 1793 crux,
1659 1700 2097 1797 bestiarumque
2132 1712 2649 1802 congregationes,

147 1803 536 1897 dffiperfiones
563 1799 760 1893 offlam
780 1847 812 1887 9
860 1801 1110 1890 concisio
1141 1798 1540 1869 membrorum
1562 1853 1586 1889 ‚
1619 1802 1956 1869 molitiones
1982 1808 2163 1871 totius
2181 1808 2441 1894 corporis
2463 1858 2485 1891 ,
2506 1828 2647 1869 ma-

154 1899 226 1967 1ae
244 1902 584 1998 punitiones
618 1894 852 1965 diaboli
883 1903 952 1965 in
986 1909 1080 1965 nic
1109 1904 1370 1966 veniant
1392 1952 1419 1985 ‚
1455 1897 1654 1985 solum
1693 1918 1760 1965 ut
1802 1893 1849 1986 J
1877 1916 1923 1965 ε
1959 1918 1989 1967 s
2027 1896 2080 1966 εἰ
2130 1894 2197 1967 C
2228 1920 2283 1967 Η
2310 1919 2365 1967 R
2392 1921 2417 1967 1
2456 1920 2488 1967 s
2514 1921 2563 1967 'r
2596 1922 2645 1967 o

139 1997 386 2089 fruar-3
431 1988 833 2087 arcanisque
859 1991 935 2066 δί
963 1988 1272 2088 mysticis
1303 1991 1452 2087 ejus
1487 1989 1962 2087 amplexibus„
2039 1991 2177 2063 Sed
2208 1994 2333 2088 qui
2370 1990 2645 2084 infinite

79 2152 86 2163 .
155 2087 251 2165 ab
305 2086 456 2161 illis·
491 2085 732 2160 absum
765 2136 790 2176 ,
847 2112 1084 2185 neque
1129 2087 1216 2160 de
1264 2088 1385 2171 his⁸
1413 2112 1504 2159 ex
1537 2083 1840 2204 professo
1881 2085 2173 2161 scribere
2205 2089 2435 2163 adhuc
2472 2088 2649 2161 mihi

29 2232 44 2247 -
153 2182 368 2259 sumfi
391 2233 418 2274 ‚
465 2184 758 2256 aliorum
791 2203 1027 2257 tamen
1051 2210 1098 2257 o
1149 2206 1264 2257 era
1361 2184 1624 2261 uaedam
1664 2182 1955 2279 mystica
1974 2186 2279 2282 egregie
2314 2183 2651 2282 exquisita

163 2283 244 2358 in
274 2281 508 2354 lucem
537 2279 774 2368 edidi,
820 2282 900 2356 &
938 2307 1080 2378 prae
1113 2280 1328 2356 ationi
1383 2305 1460 2354 us
1499 2278 1836 2354 illustravi
1886 2338 1911 2373 ‚
1966 2305 2102 2356 nec
2136 2305 2278 2354 non
2322 2284 2399 2356 &
2445 2306 2527 2360 ea
2576 2283 2652 2356 in

156 2379 344 2456 meis
383 2377 654 2475 scriptis
693 2377 1056 2475 aliquoties
1091 2379 1364 2452 laudavi
1406 2437 1429 2470 ,
1482 2377 1823 2474 principia
1862 2378 2178 2475 quaedam
2226 2379 2655 2475 generaliora

159 2474 510 2586 allegavi,
531 2473 796 2572 phrases
815 2475 907 2547 ali
961 2500 1078 2548 uas
1111 2473 1466 2571 explicui,
1496 2474 1831 2568 nonnulla
1854 2498 2014 2569 quae
2052 2498 2391 2546 remoram
2426 2473 2649 2546 facere
2704 2519 2709 2525 -

160 2573 441 2672 pollent
469 2569 760 2659 sustuli,
803 2574 887 2646 δι’.
949 2571 1220 2646 eet-ores
1247 2571 1332 2644 ad
1369 2593 1450 2642 ea
1477 2569 1766 2666 legenda
1790 2570 2143 2666 praegustu
2174 2570 2477 2668 quodam
2512 2569 2650 2642 dis-

167 2667 375 2780 posui
405 2669 486 2742 &
515 2667 828 2758 hortatus
865 2666 1016 2741 sum
1045 2717 1071 2758 ‚
1119 2691 1200 2740 ut
1229 2725 1254 2758 ‚
1306 2685 1644 2764 quantum
1684 2665 1758 2738 in
1798 2689 1909 2738 me
1944 2667 2041 2737 est
2070 2715 2093 2753 ‚
2146 2692 2293 2743 non
2326 2668 2653 2740 omittam

161 2765 473 2840 indicare
501 2765 576 2840 ὃ(
597 2765 1085 2838 commendare
1117 2763 1865 2858 adminicula‚fi:riptis
1892 2764 2061 2835 meis
2089 2783 2247 2836 toto
2284 2785 2545 2861 genere
2574 2765 2653 2836 δε

163 2861 458 2936 infinito
491 2861 854 2935 intervallo
903 2859 1257 2956 superiora
1292 2918 1313 2951 ,
1362 2859 1614 2955 quibus
1663 2858 1870 2930 bonae
1919 2861 2171 2934 animae.
2209 2858 2291 2932 ad
2338 2881 2655 2933 amorem

164 2959 314 3035 Dei
401 2957 706 3030 uriorem
743 3015 764 3048 ‚
816 2978 1024 3054 atque
1050 2955 1130 3027 ad
1175 2955 1576 3030 felicitatem
1611 2975 1941 3030 aeternam
1982 3009 2001 3040 ‚
2052 2979 2181 3028 nec
2220 2980 2364 3028 non
2401 2956 2489 3029 ad
2534 2955 2657 3026 ad-

165 3057 346 3130 mira
398 3054 514 3128 ilia
541 3055 682 3128 Dei
704 3053 1046 3128 adoranda
1071 3055 1150 3131 &
1177 3052 1582 3140 celebranda
1603 3052 1981 3146 'provocari
2010 3049 2281 3146 poffint.
2341 3055 2441 3126 At
2466 3075 2661 3126 meos

160 3151 390 3228 libros
425 3151 688 3225 idcirco
723 3151 859 3224 effe
889 3149 1218 3248 mysticos
1239 3199 1266 3238 ‚
1313 3171 1438 3222 aut
1474 3147 1755 3240 mystica
1790 3146 1891 3221 ibi
1918 3147 2055 3219 elle
2089 3150 2367 3238 omnia,
2418 3149 2488 3222 id
2514 3171 2657 3222 non

163 3249 402 3349 magis
426 3247 590 3330 inde
619 3247 969 3346 sequitur,
1004 3272 1227 3344 quarn
1273 3252 1724 3344 cogitationum
1763 3242 2480 3320 mearum'editionem
2516 3245 2659 3340 pri-

163 3351 366 3422 ‘mam
401 3345 764 3442 mysticam
793 3345 1002 3421 etiam
1038 3345 1217 3431 esse,
1268 3343 1339 3417 id
1375 3342 1574 3439 quod
1615 3364 1825 3416 nemo
1863 3398 1885 3432 ,
1934 3339 2205 3414 tametsi
2232 3341 2307 3414 in
2350 3342 2466 3414 illa
2500 3365 2661 3442 myg
3034 3412 3043 3428 ,

167 3443 386 3520 sticos
416 3441 728 3531 auctores
761 3440 1120 3538 aliquoties
1141 3444 1228 3527 (b)
1247 3438 1668 3516 laudaverim
1701 3496 1724 3529 ,
1778 3437 2145 3512 somniavit
2170 3462 2474 3537 unquam
2498 3466 2519 3528 3
2540 3439 2691 3514 aut'
2728 3459 2807 3536 (ὑ)
2844 3461 2985 3530 via,

169 3566 324 3616 non
357 3565 473 3614 ma
531 3539 584 3610 is
610 3537 820 3614 etiam
849 3535 1058 3634 quam
1089 3560 1332 3613 verum
1367 3535 1496 3626 fit,
1541 3533 1757 3608 libros
1795 3555 1957 3610 tuos
1988 3585 2015 3624 ,
2064 3535 2281 3610 libros
2309 3536 2449 3610 esst
2488 3540 2658 3630 ροὲ-
2694 3540 2863 3617 pagg.
2889 3559 2977 3612 30·
3050 3593 3055 3606 ,

167 3640 403 3725 ticos,
451 3562 877 3710 &marianos
905 3635 982 3710 8(
1010 3633 1404 3710 Ovidianos
1435 3685 1458 3720 ,
1505 3657 1594 3705 eo
1621 3631 1817 3726 quod
1851 3633 1977 3708 hos
2009 3631 2361 3728 nuestores,
2412 3632 2659 3728 saepius
2699 3635 2789 3688 7²·
2814 3635 2945 3691 ²50·

165 3758 386 3835 quam
425 3757 564 3831 ego
595 3731 925 3830 mysticos
957 3787 982 3822 ‚
1028 3731 1266 3806 laudes
1293 3743 1514 3828 atque·
1541 3729 1895 3826 proferas3
1950 3727 2463 3823 Ovidianaesque
2500 3731 2660 3804 Me·
2698 3710 2989 3829 221299»

163 3823 654 3930 tamorpho‘ses
676 3887 702 3924 .
722 3902 734 3913 ‚
754 3829 831 3906 δε
859 3828 1276 3909 Horatianas
1295 3823 1772 4002 cautiulnlckussals}
1796 3883 1819 3918 ,
1869 3851 2001 3924 pro
2028 3827 2317 3926 egregio
2346 3825 2663 3924 Scriptu—
2774 3879 2781 3886 ·

157 3953 164 3962 ⁶
1539 3948 1565 3997 <
1745 3951 1748 3954 ·
2558 3945 2665 3999 ras
