3552 4592
747 107 1365 222 Confideratimes
1374 108 1855 227 specialiores.
1916 137 2041 224 32.
2485 140 2658 228 777

16 282 25 288 ·
140 253 403 344 nendi.
455 254 577 332 Ex
603 279 745 356 quo
785 256 931 334 sane
962 260 1270 358 sequitur
1292 257 1802 336 evidentissime
1828 317 1853 352 ‚
1874 242 2352 334 testimonium
2377 285 2650 352 meum,

158 351 215 430 fi
266 357 553 449 Clerico
597 379 709 428 me
750 383 1103 456 opponam
1140 385 1218 433 ea
1255 358 1326 429 in
1354 358 1529 431 rein
1560 381 1697 456 qua
1725 359 1788 430 ei
1825 358 2268 431 adversantur
2297 361 2372 433 δε
2407 383 2650 433 omnes
2750 377 2754 382 ·

142 457 367 530 -ceteri
396 513 418 546 ,
474 477 615 527 non
653 455 847 550 posse
878 454 966 530 ab
1002 483 1087 531 co
1116 456 1303 534 eludi
1344 454 1566 530 veluti
1613 455 2010 528 testimonia
2035 456 2328 528 aiiorum
2353 504 2378 542 ,
2412 483 2650 551 gracu-

53 577 60 585 ·
152 551 627 626 lorumscilicet
660 603 683 637 ‚
724 559 1007 648 picarum
1029 577 1111 628 ac
1147 561 1585 652 mancipiorum
1608 581 1641 638 3
1693 549 1812 624 sed
1849 551 2422 625 considerandum
2464 551 2646 624 idem

142 648 293 722 -css'e
343 669 674 746 tanquam
716 649 805 718 ab
854 649 1090 724 animo
1140 649 1537 746 profestum
1590 675 1629 722 a
1678 649 2102 745 praejudiciis
2165 651 2240 724 &
2292 646 2648 722 affeffibus

154 748 453 842 partium
498 743 774 833 liber03
823 768 1035 843 atque
1072 749 1337 820 idcirco
1374 772 1519 820 non
1554 747 1747 844 parvi
1783 745 1962 842 apud
2005 747 2326 818 cordatos
2378 745 2650 842 ponde-

152 842 249 916 ris
280 841 417 914 effe
448 841 731 914 debere.
792 845 1065 940 .Atque
1098 845 1193 916 ita
1228 893 1255 933 ,
1305 845 1535 916 vineta
1579 845 1860 939 propria
1891 843 2003 914 vel
2045 843 2404 916 Clericana
2442 842 2646 915 caedit

48 955 53 962 ·
150 937 473 1036 ipsasmet
514 937 901 1012 Parrhafius
942 939 1198 1014 noster.
1273 935 1547 1014 Verum
1576 941 1736 1036 quia
1772 937 2124 1012 irrisorest
2150 997 2172 1030 ,
2223 947 2647 1012 conatur'ca-

154 1033 422 1110 chinno
452 1060 597 1108 non
627 1035 849 1107 minus
883 1036 1175 1110 absurdo
1204 1060 1416 1135 quarn
1449 1033 1964 1110 contumelioso
1992 1037 2164 1108 elabi
2196 1094 2218 1126 ,
2273 1061 2384 1108 me
2418 1061 2495 1108 ea
2521 1035 2646 1108 sci·

154 1132 327 1206 licet
357 1132 681 1205 libertate
710 1135 797 1202 ad
829 1136 1103 1243 qualibet
1120 1137 1361 1228 somnia
1395 1133 1506 1206 vel
1534 1135 1772 1206 deliria
1793 1136 2163 1232 proferenda
2193 1133 2390 1204 abaci.
2447 1132 2667 1226 Quid·

153 1254 332 1303 vero
356 1229 453 1303 ad
482 1253 629 1303 rem
668 1231 803 1302 hoc
842 1253 1161 1340 ineptum
1195 1230 1683 1304 conviciatoris
1718 1229 2054 1328 sophisma
2091 1231 2118 1302 ?
2178 1230 2480 1302 Minime
2509 1231 2652 1302 hic

152 1325 392 1426 agitur
421 1324 509 1398 de
545 1325 833 1422 privat-is
854 1327 1313 1424 opinionibus
1341 1327 1559 1415 mei5‚
1610 1350 1988 1424 earum-que
2011 1326 2185 1400 adeo
2222 1384 2245 1416 ‚
2311 1347 2389 1398 ut
2417 1325 2511 1398 fic
2538 1326 2650 1396 di-

153 1447 351 1512 cam,
401 1421 849 1522 qualitatibus
882 1423 1073 1498 :sed
1117 1423 1205 1496 de
1250 1425 1346 1496 D.
1379 1424 1643 1496 Clerici
1678 1421 2125 1522 opinionibus
2165 1422 2460 1518 quaestio
2505 1421 2647 1512 est,
2737 1433 2742 1436 ’

150 1541 395 1593 utrum
422 1546 531 1603 ,eae
564 1545 657 1592 ex
692 1523 1053 1594 communi
1084 1517 1549 1619 -omniumde
1594 1521 1674 1595 iis
1732 1519 2134 1595 testimonio
2168 1518 2648 1594 Socinianismi

156 1615 283 1692 sus
316 1615 662 1692 efikae-fint
702 1616 1093 1694 habendae?
1566 1684 1573 1697 ,
2519 1669 2526 1672 -
2561 1679 2572 1685 -

332 1738 509 1808 perae
545 1716 845 1810 pretium
882 1715 983 1789 est
1020 1717 1351 1816 detegere
1382 1713 1719 1792 fal1aciam
1753 1716 2170 1810 praecipuam
2206 1737 2346 1809 qua
2365 1709 2482 1786 hic
2507 1710 2650 1784 loci

144 1811 392 1897 ¹utitur
427 1809 823 1886 Parrhasius
850 1812 1215 1888 Clericum
1254 1816 1354 1888 uti
1402 1834 1599 1885 extra
1628 1811 1856 1907 culpae
1892 1810 2340 1907 suspicionem
2383 1828 2599 1906 ponat
2624 1857 2650 1896 ‚

152 1910 309 2008 ejus
330 1933 525 1991 ,vero
546 1907 957 1984 adversarios
991 1911 1312 1986 videatur
1344 1911 1600 1982 merito
1634 1909 1980 2005 appellere
2015 1916 2189 2004 picas
2223 1907 2296 1978 &
2316 1908 2648 2001 graculos,

152 2007 243 2080 ad
281 2012 658 2076 cantilenam
705 2033 889 2078 unam
929 2013 1296 2107 eandemque
1342 2006 1692 2079 restri&os
1727 2060 1752 2095 ‚
1801 2028 1879 2075 ac
1922 2005 2322 2073 examinandi
2366 1999 2653 2070 libertate

138 2104 650 2200 planedestitutos
671 2128 692 2171 .·
748 2103 1292 2212 quando*.tamen
1318 2103 1390 2176 hi
1414 2160 1435 2194 ,
1468 2128 1547 2176 ea
1568 2099 1850 2199 quidem
1883 2100 1956 2172 in
1987 2124 2098 2191 re,
2134 2097 2320 2172 ῐεᾶε
2355 2096 2650 2170 omnino

38 2243 48 2254 -
152 2199 225 2274 se
258 2197 523 2273 habent
545 2252 566 2284 ‚
604 2198 927 2273 Clericus
957 2225 1123 2274 vero
1152 2199 1293 2301 ipse
1324 2199 1509 2274 solus
1538 2199 1613 2272 in
1642 2199 1852 2294 culpa
1877 2197 2004 2271 est.
2489 2270 2500 2278 ,
2541 2267 2550 2276 ,

250 2295 679 2371 Notandum
708 2298 807 2369 est
850 2298 1109 2395 gitur,
1158 2295 1455 2397 duplicis
1490 2295 1765 2397 generis
1800 2294 2264 2395 quaestionem
2309 2291 2406 2363 D.
2433 2284 2660 2363 Cleri-

154 2418 251 2469 co
280 2418 447 2467 cum
481 2391 883 2491 adversariis
916 2393 1050 2469 fuis
1084 2394 1543 2470 intercedere:
1591 2401 1745 2487 juris
1797 2402 1824 2485 (
1841 2413 1926 2465 ut
1964 2390 2260 2474 vocant)
2314 2387 2600 2459 alteram
2635 2443 2660 2477 ,

148 2511 411 2565 utrum
439 2488 692 2564 scilicet
718 2492 869 2587 ejus
910 2492 1275 2588 opiniones
1327 2513 1545 2591 prout
1584 2490 1659 2563 in
1700 2486 1905 2561 libris·
1933 2480 2140 2584 ipfius
2190 2484 2660 2591 pro-mulgataess

152 2586 329 2663 sunt
352 2644 377 2681 ,
434 2613 596 2663 cum
628 2590 917 2663 veritate
944 2589 1362 2663 conveniant
1386 2637 1411 2675 ,
1464 2610 1846 2681 earumque
1881 2586 2176 2656 rationes
2202 2580 2444 2653 valida:
2481 2591 2659 2670 tint,

152 2680 488 2783 beneque
526 2709 565 2756 e
619 2686 801 2759 veris
837 2686 1195 2781 principiis
1216 2682 1583 2759 deduene:
1634 2682 1912 2755 alteram
1939 2684 2148 2777 fasta}
2203 2699 2440 2785 utrum
2465 2700 2661 2753 nem-

214 2808 255 2855 e
294 2780 609 2855 e‘usdem
644 2783 1009 2891 opiniones
1036 2806 1113 2856 ac
1147 2780 1465 2855 donrina
1499 2780 1759 2853 eaedem
1799 2776 1933 2851 fint
1957 2798 2160 2869 atque
2197 2774 2560 2869 opiniones
2583 2774 2662 2846 &

154 2806 523 2967 Boeirina
556 2874 1089 2953 Socinianorum
1115 2936 1139 2969 ‚
1158 2878 1363 2952 nullo
1387 2878 1471 2951 ad
1499 2878 1856 2949 veritatem
1889 2896 2010 2949 ant
2043 2870 2402 2945 falsitatem
2423 2892 2661 2941 earum

150 2974 621 3072 subjestivam
656 2975 895 3048 habito
915 2998 1085 3047 tunc
1108 2974 1445 3070 respedim.
1500 2975 1579 3045 N
1586 2972 2166 3068 onnulliprimam
2186 2991 2342 3039 cum
2371 2968 2471 3041 D.
2491 2966 2662 3037 Cle-

152 3074 315 3147 rico
337 3072 640 3147 inierunt
669 3070 1057 3169 disputandi
1076 3072 1253 3144 viam
1286 3097 1305 3143 ε
1340 3070 1463 3167 qui
1491 3090 1723 3142 autem
1746 3093 1893 3140 eam
1921 3067 2225 3139 inierunt
2254 3089 2397 3135 non
2427 3060 2665 3158 dispu-

156 3188 411 3253 tarunt
437 3166 759 3241 adversus
788 3169 1011 3265 ipsum
1063 3194 1103 3241 e
1149 3166 1507 3265 principiis
1552 3164 1778 3241 Sestae
1811 3162 1946 3236 five
1975 3161 2299 3235 Societati
2334 3158 2469 3231 suae
2499 3184 2664 3254 pro-

86 3316 101 3321 -
216 3265 389 3355 riis3
454 3262 567 3336 sed
618 3262 659 3337 ἐ
713 3264 1063 3361 principiis
1100 3262 1597 3337 communibus
1630 3261 2074 3334 cum-ceteris
2095 3255 2424 3329 omnibus
2447 3255 2661 3327 Chri-

152 3292 559 3439 Kianorum‘
600 3361 899 3457 partibus
922 3361 1062 3435 five
1103 3359 1613 3447 societatibus,
1662 3356 2046 3444 Socinia'nis
2067 3353 2416 3448 exceptis:
2476 3350 2660 3461 unde

153 3459 482 3559 sequitur
518 3456 685 3531 falso
719 3460 796 3533 &
837 3459 1077 3555 inique
1112 3483 1233 3544 eos
1264 3457 1639 3553 comparari
1681 3457 1809 3529 hac
1843 3454 1918 3526 in
1955 3476 2028 3525 re
2059 3476 2221 3523 cum
2239 3453 2506 3549 graculis
2537 3474 2662 3543 qui

156 3587 253 3631 ex
282 3564 487 3627 eodem
501 3552 831 3657 Systemate
855 3614 879 3647 ‚
919 3559 1215 3652 partifim
1245 3580 1373 3653 pro
1426 3554 1531 3625 rio
1554 3607 1573 3639 ‚
1600 3556 1922 3623 camillent
1941 3552 2022 3621 ad
2035 3546 2268 3635 versus
2289 3546 2660 3655 Clericum

156 3656 321 3753 ejus
360 3650 551 3727 falsas
582 3650 721 3725 effe
758 3655 1123 3749 opiniones
1150 3579 1529 3748 impiasilue
1558 3652 1637 3724 &
1674 3646 1990 3744 profanas
2038 3646 2178 3718 &a
2275 3644 2402 3715 Ast
2455 3650 2663 3715 inm-

162 3748 413 3843 meri,
464 3748 646 3823 inter
683 3773 861 3847 quos
912 3751 987 3824 &3
1041 3748 1138 3820 illi
1188 3748 1275 3820 de
1314 3746 1573 3843 quibus
1622 3770 1814 3819 nunc
1862 3740 2318 3838 conqueritur
2369 3739 2686 3823 Parrha-,

158 3846 310 3927 ssus
344 3903 373 3939 ‚
424 3844 501 3921 in
542 3844 759 3921 altero
793 3846 953 3943 sunt
986 3844 1137 3921 casu
1172 3902 1222 3938 ,t
1256 3844 1439 4015 dii?
1482 3868 1624 4012 rfeftn
1668 3866 1922 3939 nempe
1957 3838 2122 3915 faeti
2161 3894 2184 3930 ,
2255 3855 2514 4005 ιιῑηιτὲὲ
2531 3835 2664 3945 <io-

1418 3938 1455 4011 f
2515 3956 2664 4005 rina

1648 4060 1677 4099 κ

197 4006 285 4056 ,Ἰ
