3552 4592
774 108 785 123 ’
851 108 999 195 128
1086 180 1093 186 .
1162 60 1170 67 ’
1233 91 1248 104 ’
1374 177 1387 185 .
1573 68 2144 215 ΟόῘσυατίοηες
2177 100 2258 181 in
2288 96 2703 207 Judicium-
2787 174 2800 181 -

839 250 987 330 illic
1007 247 1517 327 recenseantur.
1568 248 1846 325 Sufficit
1869 247 1918 322 fi
1943 248 2262 345 quaedam
2284 298 2306 332 ‚
2333 244 2530 344 fique
2547 246 2940 347 praecipua:
2977 254 3122 323 n'on
3136 245 3348 325 enim

844 372 1090 427 omnes
1112 347 1237 446 qui
1266 346 1575 445 scribunt
1590 382 1617 436 ·‚
1642 348 1882 421 eadem
1913 344 2028 418 vel
2061 346 2508 442 cogitationis
2529 346 3034 443 amplitudine,
3068 345 3190 421 vel
3215 370 3350 419 co-

847 446 1041 543 piose
1074 446 1311 520 omnia
1348 446 1798 543 coaceijvandi
1828 444 2220 518 intentione
2247 442 2526 539 praediti
2553 442 2717 518 sunt
2750 470 2771 516 ε
2827 441 2926 517 fic
2973 464 3056 519 ut
3093 441 3348 517 absur-

850 546 1023 619 dum
1052 543 1127 617 &
1154 540 1597 639 iniquumfit
1630 598 1653 634 ‚
1705 540 2176 639 quorumdam
2203 538 2842 635 praetermiffionem
2877 542 3057 615 vitio
3093 540 3205 615 vel
3223 564 3348 615 et·

726 696 735 704 -
851 640 999 717 rori
1032 658 1301 715 vertere
1334 638 1567 717 alicui.
1662 639 1789 713 Sin
1829 638 2170 713 accideret
2194 656 2276 709 ut
2303 637 2532 711 media
2551 636 2872 733 qua-dam
2891 636 3368 711 adducam-2

638 745 653 753 “
728 772 735 777 ·
828 757 976 819 ·tur,
1000 760 1165 834 quae
1189 737 1277 811 in‘
1300 736 1379 811 se.
1400 759 1525 811 aut
1548 737 1782 815 minus
1809 734 2030 809 effent
2053 759 2218 808 vera
2235 790 2262 825 ‚
2307 755 2436 809 aut
2459 731 2710 808 'minus
2737 734 2924 809 bona
2955 762 2973 807 :
3029 760 3178 809 non
3202 754 3372 807 m·-

796 844 803 853 ‘
856 852 1023 917 men
1050 834 1317 915 idcirco
1338 833 1677 909 articulus
1696 833 1948 929 aliquis
1975 854 2304 907 erroneus
2329 852 2450 905 aut
2479 820 2846 905 haereficus
2865 832 3034 919 inde
3048 832 3220 905 effet
3243 830 3346 905 ila-

850 930 994 1004 lico
1014 930 1521 1029 exsculpendus
1546 987 1569 1021 ,
1610 930 1853 1005 multo
1881 928 2114 1003 minus
2137 946 2328 1003 totus
2348 928 2527 1004 liber
2560 952 2688 1023 pro
2721 948 3164 1021 erroneo-aut
3191 930 3343 1025 ‘pro

857 1028 1191 1109 haetetico
1210 1026 1705 1105 exclamandus
1724 1024 1949 1101 foret:
2005 1022 2344 1123 liquidem
2371 1024 2526 1099 tali5
2557 1024 2692 1098 efle
2705 1048 2846 1097 non
2861 1025 3086 1125 potest
3111 1048 3346 1123 quan-

858 1126 959 1197 do
986 1148 1151 1199 vere
1181 1126 1262 1199 &5
1294 1122 1556 1201 fincere
1588 1124 1643 1197 is
1670 1123 1767 1197 est
1795 1121 1955 1198 libri
1983 1119 2230 1219 scopus
2253 1146 2462 1219 quem
2499 1120 2768 1199 bonum
2791 1123 3122 1220 diximus.
3195 1122 3376 1197 Sed.

859 1222 1004 1297 huc
1020 1220 1539 1320 respiciendum
1560 1220 1701 1296 erit
1720 1276 1751 1312 ‚
1803 1218 2139 1295 anmedia
2177 1220 2300 1293 illa
2330 1218 2464 1293 sint
2495 1239 2856 1301 exectum
2887 1243 3134 1295 natura
3169 1242 3346 1317 qun:

857 1341 1025 1393 vere
1052 1319 1343 1416 scopum
1368 1317 1621 1393 tollant
1642 1373 1667 1408 ‚
1708 1338 1832 1391 aut
1857 1340 2020 1416 qup
2045 1315 2432 1412 impediant
2449 1339 2536 1411 ne
2553 1316 2639 1389 ad
2663 1338 2826 1390 eum
2851 1308 3340 1414 perveniatun

858 1440 948 1491 an
980 1441 1149 1490 vero
1182 1413 1313 1493 fint
1341 1412 1812 1489 indifferentia
1845 1413 2194 1511 quaepiam
2239 1432 2357 1489 aut
2398 1412 2750 1487 minutula
2775 1460 2801 1501 ‚
2853 1437 3015 1510 quae
3061 1436 3226 1487 cum
3251 1439 3376 1487 eo.

856 1512 1071 1611 scopo
1097 1510 1459 1587 subfistere
1486 1508 1744 1608 poffint
1790 1567 1813 1603 ,
1861 1512 2008 1585 imo
2039 1534 2160 1607 per
2190 1534 2352 1607 quoe
2392 1507 2477 1583 ad
2513 1510 2716 1583 illum
2756 1510 2966 1584 detur
2987 1508 3340 1589 accedere.

718 1604 725 1613 ’
778 1666 800 1677 -.
860 1610 938 1685 si
974 1634 1141 1687 cum
1169 1608 1380 1705 scopo
1406 1621 1810 1706 pugnarent
1833 1654 1860 1696 ,
1911 1605 2194 1704 quando
2229 1604 2516 1704 quidem
2545 1606 2610 1679 id
2641 1604 2896 1681 fflum
2916 1606 3082 1681 esset
3119 1605 3348 1681 inscio

858 1704 1150 1781 auctore
1171 1761 1196 1797 ,
1249 1706 1483 1800 (cujus
1512 1709 1802 1800 icopum
1839 1704 2166 1800 ponimus
2187 1700 2456 1777 bonum
2477 1700 2660 1786 effe)
2686 1728 2860 1786 ,non
2883 1703 3054 1777 effct
3085 1703 3200 1777 ille
3231 1702 3350 1777 id-

862 1806 1051 1875 circo
1080 1800 1318 1900 negati
1346 1822 1463 1875 aut
1480 1799 1735 1879 sublati
1771 1798 1966 1896 scopi
1997 1799 2222 1875 statim
2243 1798 2668 1881 accusandus
2705 1827 2728 1887 3
2778 1797 2898 1873 sed
2931 1796 3166 1899 agnita
3191 1800 3355 1897 ejus

863 1898 1051 1973 bona
1070 1922 1305 1974 mente
1330 1897 1471 1992 ‚ide
1492 1897 2042 1973 hallucinatione
2063 1922 2188 1995 per
2208 1894 2685 1971 infirmitatem
2713 1895 3090 1971 humanam
3107 1897 3178 1969 in
3197 1920 3358 1971 me-

864 1996 999 2071 diis
1020 1996 1303 2069 admissa
1326 2052 1351 2086 ,
1402 1993 1709 2092 benigne
1728 2018 1809 2067 ac
1828 2014 2138 2069 amanter
2159 1992 2550 2068 monendus
2569 1992 2740 2067 effet
2760 2048 2812 2084 ,,
2839 1990 3187 2091 simulque
3199 2016 3360 2069 me-

866 2093 1039 2167 liora
1062 2092 1425 2177 docendus
1464 2090 1740 2176 media‘3
1785 2114 1948 2187 quae
1985 2086 2036 2161 fi
2153 2088 2473 2179 nosceret
2501 2146 2528 2182 ,
2575 2108 2786 2184 atque
2807 2087 2897 2162 ab
2931 2110 3160 2167 errato
3181 2088 3358 2163 refi-

867 2190 1164 2288 pisceret
1187 2246 1212 2281 ‚
1262 2212 1348 2262 eo
1372 2188 1596 2358 malgis
1624 2186 1874 2283 utique
1899 2114 2506 2285 ess'etaffiligendus
2539 2238 2561 2273 ‚
2615 2183 2954 2283 Deusque
2979 2207 3359 2287 propterea

868 2283 1369 2362 collaudandus
1396 2311 1435 2368 z.
1498 2311 1575 2360 in
1592 2308 1760 2358 vero
1789 2281 1886 2356 ob
1914 2282 2168 2371 mentis
2197 2280 2678 2372 infirmitatem
2699 2309 2780 2358 ac
2803 2284 3121 2362 tenebras
3146 2341 3170 2376 ,
3221 2309 3353 2384 pe-

868 2385 1084 2460 nitius
1102 2384 1334 2458 adhuc
1356 2385 1471 2456 vel
1495 2381 1719 2456 invito
1738 2378 2166 2456 adhaerentes
2185 2429 2211 2470 ‚
2259 2379 2558 2455 necdum
2583 2379 2988 2480 agnosceret
3013 2383 3308 2456 meliora
3324 2440 3357 2475 ,

869 2506 1101 2580 neque
1120 2503 1425 2556 errorem
1456 2479 1657 2554 suum
1686 2477 1870 2552 circa
1891 2473 2115 2554 media
2137 2503 2160 2566 3
2186 2498 2610 2576 negaretque
2629 2501 2721 2551 eo
2742 2478 2902 2554 tolli
2926 2505 3174 2554 verum
3197 2476 3354 2554 sco·

869 2601 1092 2674 pum,
1142 2601 1355 2674 quem
1388 2573 1677 2674 scopum
1714 2574 2176 2650 nihilominus
2210 2598 2374 2666 vere
2403 2573 2733 2648 retineret
2755 2625 2780 2663 ,
2825 2576 2903 2653 ,δε
2930 2577 3244 2673 adquem
3277 2602 3358 2652 re

870 2673 1012 2772 ipsa
1034 2675 1213 2748 serio
1235 2673 1550 2750 tenderet
1573 2699 1597 2762 3
1650 2694 1824 2747 tunc
1851 2671 1924 2744 &
1951 2671 2253 2770 benigne
2279 2696 2359 2744 ac
2395 2669 2698 2756 fraterne
2729 2671 3135 2748 tolerandus
3178 2672 3352 2748 effet

870 2771 1057 2846 idem
1080 2825 1101 2859 ‚
1122 2773 1196 2846 &
1222 2772 1421 2848 Deus
1434 2795 1567 2868 pm
1594 2794 1681 2844 eo
1704 2769 2030 2845 ardenter
2053 2767 2358 2850 orandus
2383 2789 2466 2842 ut
2486 2767 2750 2846 lumine
2773 2767 3163 2865 copiosnore
3181 2793 3348 2844 eum

870 2869 1109 2942 bearet
1130 2899 1154 2954 3
1191 2866 1317 2942 nifi
1344 2869 1621 2941 tandem
1642 2865 1810 2940 ess‘et
1829 2865 2114 2940 evidens
2138 2923 2160 2953 ,
2189 2887 2354 2938 eum
2377 2889 2464 2937 ex
2495 2885 2859 2939 contemtu
2879 2863 3163 2965 scopiac
3187 2865 3358 2942 finis

869 2963 1175 3057 summi,
1222 2965 1405 3062 eque
1437 2960 1862 3042 indifferenti
1895 2987 2062 3062 erga
2096 2961 2300 3037 illurn
2321 2961 2615 3049 'animm
2661 2961 2890 3036 media
2919 2961 3010 3037 ab
3045 2961 3166 3038 illo
3195 2962 3357 3036 sco-

870 3085 967 3158 po
990 3060 1410 3135 abducentia
1430 3079 1670 3136 tenere
1700 3082 1908 3158 atque
1939 3057 2427 3160 commendare
2453 3058 2660 3134 velle.
2726 3058 3000 3134 Verum
3037 3058 3086 3131 fi
3125 3060 3364 3134 media

868 3157 991 3232 illa
1008 3182 1297 3235 erronea
1328 3181 1418 3232 ex
1444 3181 1704 3258 genere
1723 3178 1959 3231 rerum
1990 3156 2412 3232 minutarum
2447 3157 2524 3228 ὅτ.
2553 3153 2774 3228 veluti
2803 3155 3355 3232 indifferentium

871 3253 1091 3330 essent
1114 3311 1139 3346 ‚
1191 3275 1363 3328 tunc
1392 3279 1478 3328 ne
1509 3254 1679 3330 seria
1706 3250 1994 3352 quidem
2029 3252 2314 3328 censura
2342 3253 2555 3350 digna
2580 3252 2798 3325 eflent
2836 3279 2946 3328 τω
2997 3251 3064 3328 se
3085 3251 3364 3345 habene·

754 3407 765 3418 x
869 3349 1010 3440 da3
1060 3350 1179 3425 sed
1206 3351 1319 3424 vel
1344 3349 1820 3426 diffimulanda
1837 3349 2060 3424 effent
2085 3407 2108 3443 ,
2157 3351 2273 3422 vel
2293 3350 2590 3440 omnino
2625 3348 2920 3430 excusati
2970 3375 3010 3424 a
3035 3407 3058 3440 ‚
3111 3347 3227 3426 irel
3271 3351 3362 3424 iis

867 3449 1077 3547 stmel
1100 3473 1178 3522 ac
1206 3447 1439 3524 obiter
1464 3445 1778 3522 indicatis
1801 3443 2016 3546 quam
2047 3445 2336 3526 minime
2355 3446 2674 3542 deinceps
2695 3444 3167 3522 infistendum.
3221 3448 3370 3545 At-

876 3571 1016 3645 que
1050 3546 1193 3620 huc
1224 3543 1389 3620 facit
1418 3545 1730 3644 apprime
1764 3541 2460 3625 consideratiotertia
2503 3599 2527 3635 ,
2580 3563 2740 3638 quae
2787 3543 2888 3617 est
2927 3547 3387 3642 applicationis-

870 3647 1203 3718 mediorum
1230 3642 1317 3717 ad
1347 3641 1650 3738 scopum„
1664 3695 1691 3732 ,
1720 3643 1877 3726 ,hoc
1897 3639 1999 3714 est
2019 3697 2044 3731 ,
2077 3641 2233 3714 bona
2264 3645 2520 3714 intentio
2552 3635 2924 3737 bonusque
2945 3661 3238 3716 conatus
3271 3661 3364 3714 ut

874 3763 963 3814 ex
1000 3739 1185 3816 hisce
1207 3737 1450 3820 mediis
1468 3759 1669 3814 eatur
1684 3730 1771 3813 ad
1799 3739 2040 3814 Deum
2069 3763 2086 3810 z
2197 3761 2316 3813 uae.
2340 3761 2446 3810 res
2468 3735 2569 3810 est
2597 3735 2770 3816 tanti
2792 3737 3007 3834 precii
3029 3795 3056 3826 ‚
3085 3758 3170 3812 ut
3189 3763 3368 3834 pro-

833 3855 1031 3934 ,pter
1062 3840 1243 3916 hanc
1273 3837 1504 3943 media
1546 3835 1956 3935 caeteroqui.
1989 3859 2124 3933 per.
2173 3860 2212 3912 e
2248 3834 2366 3913 vel·
2392 3831 2578 3908 nulla
2607 3879 2670 3921 ,s
2694 3831 3378 4005 vssl‘manoe'mffim

3319 3957 3372 4004 0
