3552 4592
801 154 956 263 678
1225 106 1232 115 ’
1661 150 2068 265 ‚Parrhafie
2108 148 2459 265 censura.

441 318 560 395 13„
594 299 776 389 13.“
823 308 890 345 ¹2
921 313 1236 369 exerceat
1283 292 1740 395 simpliciores
1780 298 2151 373 seducendi
2198 323 2322 395 per
2370 316 2435 373 13
2465 292 2791 377 ridendas
2834 315 3005 391 quas
3044 291 3317 369 emittit

529 414 649 487 14.
734 412 782 451 cc
817 385 1348 485 spiritualitates.
1443 396 1657 471 Modi
1703 414 1774 469 ¹4
1808 398 2283 497 Mysticorum
2310 394 2589 471 fanatici
2616 391 2803 467 solos
2834 414 2953 493 eos
2994 388 3319 488 decipere

537 508 654 582 15.
737 529 788 561 η
820 487 1104 583 poffunt
1132 494 1257 588 qui
1288 493 1403 568 vel
1437 494 1508 567 se
1543 493 1730 592 ipsos
1771 495 2089 593 decipere
2125 512 2189 568 15
2224 491 2621 593 paratiffimi
2668 490 2828 566 sunt
2862 548 2884 583 ‚
2938 488 3053 563 vel
3102 490 3323 562 Reli-

543 584 663 659 16·
730 642 788 673 u
821 586 1050 754 {ionis
1081 589 1242 663 loco
1287 600 1352 647 ¹6
1385 591 1710 668 ass'umere
1738 616 1990 667 vacuas
2019 593 2113 667 im
2212 592 2603 677 inationes„
2658 614 2789 688 pro
2839 588 3045 663 bonis
3096 588 3327 661 mori-

537 705 648 775 17.
740 757 791 787 n
873 707 1007 775 με,
1065 701 1130 755 17
1165 687 1236 759 in
1281 686 1397 785 spe
1439 690 1722 765 alterius
1751 690 1923 765 vitae
1974 691 2047 763 in
2179 690 2507 789 uangelio
2641 684 2931 786 opofitae
2980 683 3323 764 fundatis«.

527 802 572 871 ,ι
589 778 659 852 8.
828 780 1197 879 Quantum
1237 787 1324 859 ad
1357 785 1520 861 illos
1555 786 1813 885 quibus
1848 786 2095 887 quanti
2130 788 2477 861 momenti
2528 712 2641 859 (iit
2650 792 2723 842 21⁸
2756 808 2955 858 amor
3002 782 3323 881 proximi

747 870 800 900 “
829 899 1084 952 notum
1111 882 1214 958 cst
1239 939 1264 974 ,
1314 884 1670 959 cavebunt
1690 887 1746 959 ii
1772 885 1929 961 satis
1964 910 2053 959 ne
2084 884 2536 984 ipsos.captet
2578 884 2675 958 D*
2698 881 2967 956 Poireti
2994 882 3331 956 exstatica

551 1001 664 1073 1-9.
745 979 801 1021 “
844 991 864 1029 ¹
877 993 908 1046 9
951 976 1242 1053 devotio
1275 1029 1300 1070 ,
1349 1005 1511 1080 quae
1546 1006 1709 1057 cum
1746 984 2103 1058 teterrima
2138 983 2393 1057 malitia
2440 980 2777 1056 sociabilis
2814 980 2943 1054 est.
3042 977 3181 1052 lnfi
3238 1004 3333 1053 ne

751 1098 800 1131 σε
833 1074 1040 1149 malae
1073 1074 1244 1150 fidei
1278 1077 1963 1161 suaedocumentum
2004 1100 2288 1179 apparet
2309 1082 2390 1155 in
2416 1107 2495 1155 ea
2570 1103 2744 1152 uanr
2757 1102 2921 1151 cum
2961 1100 3125 1151 cura
3226 1076 3332 1152 cit

543 1190 668 1249 ιο.
751 1206 802 1247 ec
827 1172 1213 1275 Augustini
1246 1176 1625 1278 Apologia,
1648 1180 1832 1253 circa
1864 1180 2233 1276 opiniones
2258 1197 2329 1234 ²0
2358 1205 2397 1251 a
2417 1180 2535 1278 qui
2591 1202 2671 1250 us
2692 1176 2807 1248 vel
2837 1174 3123 1274 ipsemet
3154 1172 3329 1247 infi-

745 1320 804 1362 n
830 1268 984 1342 nite
1017 1268 1343 1347 abhorret
1369 1332 1393 1367 ,
1447 1272 1818 1373 nempe'de
1868 1276 2471 1375 praedestinatione
2508 1272 2817 1347 absoluta
2841 1332 2864 1364 ‚
2916 1273 3142 1369 deque
3164 1296 3335 1370 gra-

539 1384 668 1437 21.
747 1434 808 1474 α
840 1364 938 1438 tia
971 1367 1374 1445 irresistibili
1407 1384 1458 1465 ,⁴
1483 1372 1937 1448 solummodo
1963 1395 2057 1449 sut
2086 1374 2571 1449 D.Clericum
2608 1370 2660 1442 -s1
2696 1371 2919 1469 poss‘et
2944 1419 2972 1461 ,
3026 1388 3092 1428 ²1
3132 1371 3345 1444 odio·-

837 1462 988 1537 sum
1009 1464 1285 1541 reddat.
1377 1471 1657 1545 Eodem
1695 1472 1915 1545 modo
1947 1470 2015 1544 se
2048 1470 2261 1545 habet
2293 1468 2676 1570 explicatio
2700 1522 2720 1557 ,
2768 1492 2981 1565 quam
3010 1466 3131 1541 dat
3160 1468 3347 1565 Epi-

750 1545 809 1587 “
839 1558 1041 1635 stolae
1079 1564 1272 1639 illius
1324 1568 1550 1641 Patris
1593 1568 1680 1639 ad
1712 1568 2173 1643 vincentium
2202 1619 2227 1659 ‚
2293 1569 2366 1641 in
2407 1590 2544 1664 qua
2570 1566 2730 1639 v-ult
2761 1620 2783 1652 ,
2827 1590 2973 1639 non
3026 1564 3347 1639 docuiffe

549 1656 677 1728 '22-
760 1665 810 1695 “
847 1673 921 1715 ²²
949 1662 1433 1759 Augustinum
1457 1664 2023 1762 persecutionem
2054 1666 2189 1739 ess'e
2218 1665 2527 1739 licitam:
2582 1663 2773 1761 quafi
2794 1686 2961 1735 vero
2992 1660 3346 1762 Augusti-

757 1778 810 1808 “
841 1756 917 1829 ni
951 1782 1162 1856 opera
1211 1761 1496 1837 haberet
1540 1787 1750 1836 nemo
1799 1763 1885 1835 ad
1933 1785 2085 1835 eam
2131 1761 2524 1861 legendam.
2616 1761 2693 1834 Si
2750 1762 2848 1834 D.
2902 1762 2989 1833 P.
3042 1760 3342 1833 Criticae

461 1950 466 1955 ·
551 1870 673 1949 24.
758 1890 811 1923 a
843 1880 892 1927 o
941 1880 1128 1929 eram
1154 1856 1318 1933 dare
1345 1859 1569 1951 nolit„
1623 1878 1700 1931 24
1729 1883 1943 1957 quam
1969 1859 2011 1931 ὸ,
2038 1860 2103 1933 se
2144 1860 2506 1934 contemni
2548 1856 2877 1946 fimulat,
2928 1883 3079 1930 non
3118 1854 3341 1930 debet

466 1964 734 2046 23.25.
761 2004 812 2036 u
843 1948 894 2024 fi
948 1952 1316 2055 iarrogare
1342 1957 1429 2031 de
1470 1957 1552 2032 iis
1580 1957 1786 2056 loqui
1825 1977 1887 2031 23
1926 1982 2089 2055 quae
2118 1981 2264 2032 non
2290 1955 2651 2053 intelligit,
2726 1972 2795 2029 25
2833 1953 3181 2029 Acerbior
3206 1950 3345 2053 ipfi

761 2119 811 2149 u
845 2050 1130 2147 quidem
1171 2056 1310 2130 erit
1351 2054 1511 2130 haec
1563 2054 1849 2129 censura
1900 2081 1921 2127 τ
1989 2074 2061 2129 at
2110 2078 2363 2157 negare
2400 2052 2646 2152 nequit
2676 2051 2852 2149 quin
2884 2075 3037 2125 eam
3076 2050 3213 2127 fibi
3252 2076 3353 2127 ex

550 2141 682 2221 26.
787 2226 814 2267 c
843 2162 1050 2247 aequo
1081 2148 1494 2227 adsciverit:
1525 2176 1759 2250 neque
1780 2176 1946 2224 vero
1974 2152 2075 2227 est
2097 2153 2293 2253 quod
2318 2151 2447 2227 fibi
2468 2151 2893 2250 imaginetur
2924 2160 2998 2208 ²6
3025 2153 3348 2223 animum

761 2233 783 2265 ‘
841 2246 1330 2337 (D.Clerico)
1379 2249 1516 2326 effe
1547 2251 1623 2326 in
1662 2271 2003 2326 certamen
2035 2276 2203 2328 cum
2240 2278 2327 2328 eo
2362 2248 2803 2327 descendere.
2858 2247 3091 2324 Rixas
3122 2247 3351 2324 solum

557 2357 606 2412 2
671 2395 684 2410 .
759 2346 815 2380 “
847 2345 1160 2442 quaerit,
1215 2365 1288 2419 27
1323 2366 1449 2441 ut,
1500 2347 1549 2424 fi
1601 2347 1853 2448 pedit,
1954 2349 2198 2425 u'blico
2229 2344 3342 2450 rumoreinnotescgtdibrosque

549 2455 599 2524 .2
658 2488 677 2507 ·
763 2461 815 2496 ‘⁸
845 2445 1003 2518 suos
1035 2470 1210 2544 quos
1251 2453 1320 2505 28
1355 2470 1565 2520 nemo
1606 2449 1670 2520 le
1730 2448 1787 2522 it
1812 2496 1843 2536 ,,
1956 2448 2095 2524 ciat
2119 2449 2229 2524 ita
2262 2447 2575 2524 divendi.
2644 2469 2782 2545 qua
2818 2441 3109 2542 quidem
3158 2445 3233 2518 in
3268 2469 3350 2518 re

555 2630 561 2638 ι
759 2571 813 2613 ιε
855 2559 880 2618 5
925 2567 1074 2616 non
1109 2543 1306 2620 dabit
1327 2545 1395 2618 ei
1422 2545 1650 2620 ansam
1769 2601 1789 2620 .
1810 2544 2138 2620 Clericus
2172 2566 2255 2621 ut
2288 2547 2593 2620 multum
2622 2562 3069 2641 promoveat.
3134 2543 3343 2616 Con-

561 2649 688 2729 30·
760 2689 815 2722 η
843 2638 1057 2714 sentit
1079 2662 1170 2714 -ut
1203 2641 1372 2718 ficui
1409 2641 1508 2718 sat
1549 2643 1885 2741 tempori-s
1915 2641 2211 2741 superfit
2238 2644 2432 2742 quod
2470 2663 2537 2720 30
2568 2639 3001 2741 perdendum
3042 2641 3113 2711 in
3144 2639 3340 2714 illius

555 2751 691 2827 ²9·
762 2805 814 2836 u
841 2737 1184 2836 Epistolae
1210 2740 1516 2816 lestione
1545 2741 1949 2839 impendat,
1994 2740 2085 2815 de
2104 2743 2342 2817 eadem
2355 2742 2633 2838 judicet
2658 2763 2807 2814 eam
2854 2757 2928 2806 ²9
2962 2734 3345 2812 conferen-

595 2919 602 2924 .
757 2918 818 2952 u
842 2836 941 3012 1<010
963 2859 1139 3010 3311]
1174 2838 1333 2940 ipsis
1366 2837 1577 2918 rebus
1611 2863 1781 2939 quas
1808 2840 1909 2916 D.
1938 2838 2187 2918 Poiret
2216 2859 2589 2943 oppugnat
2608 2887 2637 2931 ‚
2690 2835 2835 2912 fine
2866 2833 3193 2958 niteriori
3220 2859 3345 2914 re-

753 2977 760 2982 ·
831 2989 838 2996 -
867 2959 966 3032 po
1048 2958 1118 3010 0.

2960 3967 3361 4072 co&-
