3552 4592
686 124 1304 250 Confiderationes
1316 65 1795 250 specialiores.
1861 157 1896 213 1
1914 128 1988 242 31
2227 185 2236 192 -
2467 151 2515 244 7
2531 161 2618 245 13

220 271 555 350 Primum
592 261 1182 373 quod-composui
1218 299 1297 350 ac
1330 275 1517 356 edidi
1550 303 1776 373 opuS,
1824 277 1952 352 sub
1973 274 2184 352 tituio
2208 333 2232 370 ‚
2291 283 2634 378 Cogitatio-
2694 281 2989 374 ὶὶξτὶιΛιι·

116 390 275 450 num
304 380 725 447 Rationalium
751 375 827 444 de
852 379 999 445 Deo
1016 427 1042 466 ‚
1076 382 1401 450 animato*
1424 378 1626 465 malo,
1660 381 1845 448 Libri
1868 401 2127 475 quatuor
2147 433 2169 468 ‚
2193 399 2380 450 anno
2408 379 2627 476 1677,
2662 361 2810 450 ἄψ*
2836 377 2958 436 Vm*

110 473 545 569 comparuit.
598 471 793 568 quod
820 494 983 545 cum
1024 493 1277 545 notum
1311 470 1398 545 fit
1428 470 1586 546 satis
1615 521 1640 558 ‚
1695 496 1844 552 non
1875 492 2040 570 eget
2061 474 2168 546 uti
2197 473 2284 548 de
2311 497 2400 547 eo
2424 479 2625 573 quic·
2649 441 2965 592 &2132ss

110 593 341 668 quam
372 567 729 666 specialius
759 591 1324 643 commemorem.
1377 569 1517 645 Vel
1538 594 1649 642 me
1680 591 1952 645 tacente
1983 569 2350 646 advertent
2377 596 2625 650 omnes
2661 591 2996 648 Rationales

117 665 394 766 quibus
424 689 599 761 opus
632 667 1017 763 perlectum
1048 666 1148 738 est
1176 725 1200 758 ,
1251 669 1427 741 mihi
1449 667 1594 764 jam
1628 689 1785 740 tum
1819 666 2018 743 fuiffe
2046 664 2338 764 scopum
2369 669 2444 742 ὅτ,
2477 673 2623 746 ani·
2657 665 2728 726 de
2757 670 2880 724 Deo
2897 673 3006 724 &⁶-

114 788 333 840 mum
372 765 477 836 uti
510 786 802 836 conarer
830 788 974 836 non
1006 763 1331 842 seducere
1356 814 1380 855 ‚
1428 765 1541 838 led
1562 765 1908 838 adducere
1931 785 2290 863 quotquot
2311 765 2618 862 philoso-

112 861 333 958 phari
371 859 675 952 volunt,
728 861 1103 957 praesertim
1143 860 1317 934 vero
1365 861 1837 958 Philosophiae
1891 863 2306 940 Cartefianae
2345 921 2369 954 ,
2441 867 2618 939 mihi

120 983 277 1032 non
314 959 581 1056 ignotae
606 1015 633 1049 ‚
687 958 1000 1032 addietos
1026 1012 1049 1046 ,
1097 958 1180 1031 ad
1212 959 1349 1032 Dei
1387 957 1834 1032 sinceriorem
1855 1014 1878 1048 ,
1926 985 2060 1056 pro
2087 960 2379 1034 modulo
2413 985 2572 1036 meo
2592 1020 2616 1056 ,

125 1057 669 1154 cognitionem,
692 1135 701 1141 ,
722 1056 1175 1130 ἀίὶεᾶὶοηειῑι
1201 1079 1283 1128 ac
1312 1058 1834 1131 venerationem
1868 1115 1890 1149 ,
1953 1081 2084 1130 nec
2123 1081 2266 1130 non
2303 1057 2384 1128 ad
2431 1060 2634 1156 pacis·

128 1153 326 1228 inter
353 1154 653 1226 rixantes
674 1152 1107 1227 Christianos
1125 1156 1816 1244 commendationem
1852 1178 1931 1228 ac
1957 1154 2294 1230 studium.
2345 1158 2618 1232 Prodiit

126 1250 391 1324 deinde
426 1248 741 1328 secundis
776 1254 957 1324 curis
989 1276 1171 1324 anno
1214 1276 1237 1322 1
1256 1251 1406 1349 687
1431 1254 1614 1326 notis
1646 1255 1721 1326 ὅτ,
1748 1251 2235 1325 acceffionibus
2269 1279 2420 1328 non
2445 1279 2624 1352 pau-.

127 1348 235 1422 cis
262 1346 536 1422 aufflus
556 1395 581 1436 ,
630 1345 781 1443 ipso
809 1369 1041 1422 tamen
1069 1347 1415 1422 Editionis
1442 1351 1685 1446 primae
1722 1365 2066 1423 contextu
2089 1349 2334 1426 abillis
2369 1351 2616 1425 distin-

128 1443 255 1520 ἃο
279 1495 308 1535 ,
354 1464 571 1542 atque
601 1444 897 1518 seorsum
932 1444 1176 1542 pofito.
1272 1446 1623 1544 Equidem
1666 1471 1780 1519 me
1817 1447 1984 1520 latet
2011 1448 2300 1521 minime
2340 1449 2620 1524 Editio-

130 1566 303 1616 nem
340 1542 532 1615 istam
572 1543 925 1616 nonnullis
964 1541 1398 1639 aliquantum
1420 1543 1834 1640 displicuisse
1863 1593 1892 1634 ‚
1944 1545 2140 1642 quod
2175 1543 2359 1621 forte
2393 1547 2506 1620 vel
2542 1547 2616 1620 in

126 1637 627 1714 Differtatione
662 1639 1114 1734 praeliminari
1148 1639 1479 1714 Rationis
1506 1697 1527 1731 ,
1580 1661 1792 1736 atque
1833 1644 2007 1715 adeo
2041 1647 2374 1740 Religionis
2407 1648 2624 1716 Philo-
2719 1687 2726 1692 ·

110 1739 377 1840 sophica
416 1737 491 1810 in
536 1743 799 1808 Ratione
838 1735 1151 1811 fundatae
1176 1791 1201 1828 ,
1249 1739 1323 1810 8<
1354 1737 1708 1812 interdum
1758 1737 1835 1810 in
1879 1740 2272 1833 Atheismum
2311 1741 2616 1840 degene-

128 1834 351 1908 rantis
376 1885 399 1919 ,
446 1830 668 1906 robur
700 1833 949 1908 cassum
988 1857 1067 1906 ac
1108 1834 1381 1907 nullum
1417 1819 1886 1918 ostenderim3
1937 1833 2052 1907 vel
2083 1839 2275 1932 quod
2315 1838 2386 1910 in
2429 1837 2616 1914 notis

126 1930 265 2006 alia
293 1952 508 2026 atque
541 1929 831 2026 plurimi
858 1931 945 2002 de
981 1930 1579 2026 praedestinatione
1624 1933 1699 2006 &
1754 1931 1842 2002 de
1881 1929 2202 2006 libertate
2237 1933 2618 2031 proposue-

126 2028 271 2102 rim
304 2055 321 2098 :
356 2027 473 2101 sed
505 2051 655 2099 eam
686 2027 897 2124 ipsam
923 2027 1022 2103 ob
1055 2053 1198 2104 rem
1226 2027 1369 2102 fuit
1390 2028 1507 2100 illa
1526 2029 1759 2102 multis
1781 2026 1927 2101 aliis
1962 2085 1986 2120 ,
2039 2034 2370 2128 majorem
2403 2031 2622 2128 longe

132 2135 517 2212 numerum
542 2123 951 2198 facientibus
976 2183 999 2218 ,
1050 2151 1137 2200 eo
1160 2127 1551 2222 acceptior3
1584 2129 1659 2202 &
1682 2123 2018 2198 debuerat
2045 2129 2286 2222 primis
2312 2151 2624 2224 quoque,

129 2221 267 2298 nisi
299 2221 563 2321 aliquid
596 2223 795 2296 laevae
828 2225 1079 2298 mentis
1112 2221 1412 2296 subefl'et
1442 2280 1467 2317 ‚
1524 2248 1669 2299 non
1703 2222 2126 2319 displicuiffe
2150 2282 2174 2318 ,
2209 2225 2495 2324 quando
2517 2225 2627 2299 vi-

124 2318 405 2396 debant
424 2319 837 2401 Editionem
864 2324 1157 2420 primam
1186 2380 1209 2413 ,
1264 2345 1425 2419 quae
1454 2322 1553 2396 eis
1581 2343 1779 2420 grata
1809 2318 2036 2394 fuerat
2071 2344 2272 2396 antea
2297 2379 2324 2414 ,
2377 2324 2451 2395 in
2495 2324 2622 2395 hac

118 2419 349 2493 altera
372 2425 763 2491 invariatum
790 2418 1049 2493 exstare
1078 2440 1343 2507 totam3
1396 2415 1655 2517 fibique
1680 2421 2032 2514 integrum
2060 2419 2198 2491 ess'e
2217 2416 2624 2491 acceffiones

127 2516 671 2615 praetermittere
700 2572 721 2608 ‚
772 2514 935 2589 licet
960 2540 1196 2591 earum
1235 2516 1565 2613 plurimas
1609 2516 1974 2588 contextui
2014 2512 2394 2589 Librorum
2439 2536 2622 2609 prae·

128 2612 387 2689 feram.
478 2614 753 2689 Verum
786 2613 947 2710 quia
982 2613 1223 2687 Editio
1257 2634 1555 2710 utraque
1588 2636 1625 2681 a
1660 2613 1886 2708 longo
1924 2610 2079 2685 satis
2104 2634 2422 2721 tempore
2443 2609 2622 2685 desi-

130 2712 470 2799 ἀει-πυτ,
517 2708 694 2781 dabo
721 2734 1001 2807 operam
1042 2710 1115 2784 in
1155 2713 1357 2783 tertia
1394 2767 1417 2802 ,
1464 2732 1619 2804 quae
1662 2707 1844 2782 forte
1881 2706 2076 2781 brevi
2120 2710 2274 2783 fier1
2314 2710 2623 2806 poterit,

128 2810 246 2883 uti
276 2810 353 2883 δε
382 2826 755 2881 contextus
791 2808 1041 2904 primae
1072 2804 1387 2904 perfistat
1416 2806 1490 2879 &
1524 2827 1902 2903 reponatur
1944 2806 2231 2879 minime
2271 2825 2623 2895 mutatu8‚

126 2928 221 2977 ac
254 2902 309 2976 fi
332 2928 493 3001 quae
522 2902 937 2997 variationes
970 2905 1084 2977 vel
1112 2903 1632 2979 emendationes
1650 2903 2008 2997 accidunt,
2024 2929 2125 2978 cae
2146 2905 2224 2978 in
2246 2903 2432 2977 notis
2453 2902 2625 2975 fiant

124 3001 587 3077 splummodo
618 3002 693 3075 δί
725 3001 799 3073 in
828 2999 1337 3076 acceffionibuS.
2084 3060 2088 3064 .

231 3102 575 3175 Secutum
610 3098 710 3171 est
739 3123 921 3194 opus
948 3097 1309 3171 Gallicum
1338 3103 1702 3169 Oe‘conomiae
1738 3103 1992 3169 Divina
2022 3154 2044 3188 ,
2096 3092 2214 3171 sex
2250 3095 2444 3187 libris
2466 3145 2492 3186 ‚
2549 3114 2624 3171 at
2697 3110 2961 3167 Oecono-

122 3195 404 3294 st’ptem
427 3194 899 3269 mediocribus
934 3198 1005 3267 in
1028 3194 1285 3270 ostavo
1310 3252 1333 3287 ‚
1354 3213 1433 3268 ut
1457 3215 1716 3268 vocant
1734 3247 1755 3280 ‚
1806 3194 2282 3267 voluminibus
2302 3214 2624 3291 compre·
2663 3188 2784 3294 unia
2808 3188 2968 3247 Divi-

124 3290 460 3371 hensum.
528 3294 617 3375 In
642 3318 727 3367 eo
752 3293 1005 3389 scopus
1022 3291 1159 3366 fuit
1190 3317 1337 3365 non
1365 3290 1826 3389 Philosopbos
1855 3300 2124 3364 tantum
2162 3348 2184 3382 ‚
2220 3290 2626 3367 sed&verae
2663 3282 2756 3321 ¹²⁶¹·

127 3390 569 3489 Theologiae
588 3446 612 3482 ,
644 3390 719 3463 &
738 3388 1073 3463 solidioris
1104 3389 1372 3487 pietatis
1407 3408 1707 3462 amantes
1737 3388 2009 3487 quosvis
2034 3386 2382 3461 adducere
2417 3414 2630 3487 quam

132 3488 417 3584 optime
446 3487 650 3584 potui
678 3508 757 3558 ac
790 3485 961 3563 scivi
997 3488 1071 3561 ὃς
1099 3486 1185 3561 ad
1215 3486 1567 3561 Deum&
1602 3485 1685 3559 ad
1708 3508 2012 3559 amorem
2055 3484 2358 3582 proximi
2392 3543 2415 3578 ,
2470 3486 2634 3559 talia

126 3584 609 3685 proponendo
645 3584 860 3681 princi
918 3585 978 3653 ia
998 3606 1161 3681 quae
1188 3586 1263 3659 &
1287 3608 1443 3655 cum
1478 3580 1832 3680 scripturis
1868 3636 1888 3669 ‚
1939 3583 2216 3661 &mm
2251 3587 2480 3655 reru'm
2515 3607 2636 3655 na·-

134 3704 301 3759 tura
324 3730 351 3767 ,
408 3682 485 3757 &
508 3705 671 3754 cum
696 3610 986 3778 pacigca
1010 3678 1387 3755 dilectione
1428 3680 1613 3753 inter
1640 3677 2147 3754 Christianismi
2183 3678 2393 3759 senas
2441 3684 2630 3774 (quae

112 3767 435 3878 ‘quidem
468 3777 701 3851 salutis
742 3778 1115 3851 essentialia
1164 3776 1619 3853 fundamenta
1664 3777 2055 3878 agnoscunt
2105 3779 2182 3853 &
2227 3773 2531 3873 probant
2559 3774 2632 3866 ‚)

126 3876 421 3977 penitus
448 3874 977 3951 concordarent.
1010 3875 1207 3974 -Quo
1236 3879 1309 3951 in
1329 3897 1741 3975 argumento
1770 3900 1916 3951 non
1937 3876 2172 3972 paucis
2199 3873 2451 3971 utique
2477 3896 2640 3973 gra-

1350 3996 1398 4048 x
1420 3996 1599 4048 xxx
2523 3989 2638 4045 tus
2717 4008 2724 4051 ;
