3552 4592
391 1332 401 1336 ·
519 1314 710 1373 auditne.

830 144 1045 257 '400
1208 149 1824 246 Inzurcuu
1883 144 2674 228 Unxvssn'sanr..
2733 126 3189 232 sacrif.

888 318 1105 373 vocet
1130 346 1154 389 ‚
1204 301 1427 373 anifna
1455 295 1597 395 ipsa
1624 298 1798 372 vero
1824 296 2180 371 voluntati
2210 297 2348 370 Dei
2379 286 2690 370 vocantis
2713 294 3000 391 obsequi
3013 294 3197 369 nolit
3215 350 3238 387 ,
3257 314 3388 373 aut

886 395 983 468 ab
1007 394 1149 468 aliis
1184 396 1599 493 impediatur
1631 418 1716 467 ne
1740 391 1987 491 poffit3
2043 394 2179 467 hoc
2200 392 2358 469 casu
2383 394 2680 466 animam
2703 414 2900 467 extra
2921 393 2990 469 se
3009 392 3222 490 ipsam
3235 412 3389 466 tra-

866 492 1096 583 -hunt,
1124 514 1415 592 amque
1444 492 1856 589 impediunt.
1913 491 2099 563 Haec
2130 489 2298 564 vero
2332 508 2613 587 captum
2643 490 3144 564 nonnullorum
3165 488 3392 565 trans-

880 588 1215 663 scendent
1235 637 1260 680 ‚
1309 590 1428 687 qui
1460 587 1641 662 forte
1666 587 1966 662 monstra
1993 589 2315 683 quaedam
2340 588 2990 683 consequentiarum
3003 588 3190 660 exiis
3211 598 3390 685 pro-

884 686 1187 779 cudent‚
1204 686 1538 784 siquidem
1562 686 1786 759 media
1815 684 2026 782 pluris
2057 683 2317 757 faciant
2339 683 2550 783 quam
2579 684 2803 780 ipsum
2821 684 3057 757 finem.
3113 684 3392 759 Nescio

830 786 840 791 “
890 801 1129 855 autem
1163 805 1403 856 utrum
1430 786 1517 857 ad
1547 780 2068 881 consequentias
2098 780 2345 853 similes
2371 783 2763 878 pertineant
2781 804 2860 853 ea
2883 803 3041 877 qua:
3067 781 3156 853 de
3171 783 3392 877 „Quie-

897 881 1051 964 tilh's
1078 876 1469 953 afferuntur
1493 938 1518 973 ‚
1568 878 1711 953 five
1736 880 1824 951 de
1864 880 2274 957 Sefbatoribus
2301 882 2590 952 Dederis
2611 883 2852 949 Melini
2870 923 2896 966 ,
2945 885 3050 973 qni
3080 886 3148 949 in
3181 882 3394 951 Italia

900 999 993 1048 tot
1022 973 1310 1052 tumulct‘c‘s
1343 980 1659 1051 dederunt.

568 1084 834 1171 xxv-11..
986 1070 1316 1148 XXVII.
1370 1073 1489 1147 De
1509 1073 1862 1169 Quieussis‚
1889 1096 2068 1169 quos
2095 1076 2391 1161 vocant,
2440 1091 2884 1169 quaecunque
2903 1068 3086 1144 fama
3103 1068 3394 1167 publiea

554 1164 635 1246 Ρ*
656 1159 851 1249 Q‘f‘·
872 1168 1285 1261 nuntiavit,
1334 1170 1531 1244 valde
1564 1172 1827 1243 incerta
1848 1167 2032 1243 sunt.
2087 1169 2254 1268 Ego
2284 1163 2456 1242 vero
2487 1169 2650 1241 Deo
2678 1168 2836 1242 illos
2861 1168 3204 1275 relinquo.
3255 1165 3392 1239 me

511 1235 608 1309 1³²⁸
625 1254 1023 1337 &quse-'ms
1040 1265 1153 1338 vel
1186 1264 1519 1347 defendet
1556 1316 1580 1355 ‚
1629 1264 1679 1339 fi
1714 1264 2074 1339 calumniis
2109 1284 2523 1364 gravantur:
2581 1264 2690 1339 vel
2713 1263 3097 1363 judicabit,
3147 1262 3200 1337 fl
3237 1286 3394 1337 me-

896 1363 1193 1437 rito'suo
1226 1361 1637 1437 accusantur
1660 1412 1685 1452 ‚
1733 1384 1805 1434 at
1832 1361 2104 1455 Iudicia
2131 1362 2498 1436 hominum
2521 1409 2546 1450 ‚
2595 1362 2970 1456 &quidem
2991 1360 3392 1434 mundano·

805 1516 814 1524 .
898 1458 1335 1555 rumpotius
1368 1460 1577 1558 quam
1615 1458 2077 1558 spiritualium
2099 1508 2124 1549 ‚
2178 1458 2256 1531 in
2289 1458 2394 1531 his
2430 1456 2852 1533 fimilibusve
2891 1457 3090 1531 rebus
3139 1456 3388 1555 exigui

894 1554 1050 1628 sunt
1086 1556 1466 1631 admodum
1492 1555 1858 1629 momenti.
1948 1558 2178 1630 Porro
2204 1556 2280 1627 i'n
2305 1552 2632 1629 omnibus
2655 1552 3180 1629 conditionibus
3203 1576 3394 1625 nun·

826 1729 834 1737 ,
890 1674 1105 1748 quam
1145 1652 1399 1729 desunt
1422 1711 1446 1746 ,
1496 1653 1621 1750 qui
1653 1674 1919 1725 nomen
1941 1650 2200 1726 ordinis
2221 1648 2326 1731 sui
2353 1649 2520 1725 falso
2549 1671 2822 1747 gerant.
2915 1652 3109 1727 Hinc
3146 1648 3199 1721 fi
3233 1642 3393 1741 ini,

874 1770 1075 1845 quos
1106 1752 1447 1919 Quiecgffas
1471 1768 1727 1824 vocant
1756 1806 1781 1840 ‚
1831 1748 1917 1820 ad
1947 1751 2124 1823 hanc
2151 1748 2546 1847 pertineant
2571 1746 2840 1821 claffem
2861 1802 2886 1838 ‚
2937 1746 2989 1821 fi
3027 1746 3230 1822 nulla
3267 1747 3396 1819 ha-

892 1842 1043 1918 bita
1076 1846 1283 1919 distin
1356 1844 1516 1921 ione
1546 1844 1970 1945 quietudinis
1993 1903 2017 1938 ,
2069 1867 2222 1917 eam
2251 1843 2582 1929 omnibus
2609 1896 2630 1932 ,
2683 1846 2878 1918 omni
2913 1842 2990 1917 in
3019 1862 3354 1941 tempore
3373 1901 3396 1935 ‚

860 1966 870 1975 ·
900 1940 1082 2015 statu
1110 1994 1133 2028 ,
1178 1966 1261 2015 ac
1290 1942 1451 2031 loco
1475 2000 1513 2034 ‚‚
1552 1943 1788 2016 divina
1811 1941 2212 2017 attrafflone
2237 1963 2384 2017 non
2409 1944 2738 2039 praesente
2773 1996 2796 2031 ‚
2845 1942 2924 2015 &
2953 1940 3023 2013 in
3041 1958 3396 2013 ‘contem-

898 2053 1105 2133 ptum
1154 2038 1651 2120 exercitiorum
1691 2062 1854 2136 quae
1899 2036 2128 2115 officia
2159 2039 2508 2113 exteriora
2539 2039 2924 2137 injungunt
2955 2034 2988 2125 ,’
3023 2056 3430 2123 commem,

896 2134 1070 2208 dent
1103 2162 1131 2222 i
1174 2133 1349 2226 abfit
1388 2154 1465 2209 ut
1493 2158 1801 2232 unquam
1831 2158 1964 2231 pro
1999 2136 2080 2209 iis
2105 2135 2372 2210 causam
2397 2134 2610 2209 velim
2631 2131 2882 2209 dicere.
2935 2136 3036 2209 At
3068 2132 3117 2207 fi
3149 2134 3394 2207 nomi-

901 2230 1220 2306 nisillius
1256 2231 1416 2306 sano
1454 2231 1651 2308 sensu
1696 2232 1908 2308 sumti
1937 2228 2337 2308 mensuram
2375 2228 2556 2307 verex
2586 2230 2892 2329 implent
2923 2243 2958 2321 ,“
2999 2231 3146 2306 duo
3184 2228 3396 2320 sunt,

896 2351 1065 2426 qua:
1102 2327 1191 2404 de
1240 2329 1327 2408 iis
1375 2353 1659 2405 monere
1704 2349 2006 2430 oportet.
2099 2330 2420 2404 Alterum
2451 2327 2555 2402 est
2579 2375 2606 2418 ‚
2653 2328 3086 2428 mentionem
3133 2351 3395 2402 eorum

900 2447 1062 2522 quae
1092 2426 1207 2499 hic
1234 2426 1543 2524 injicitur
1561 2477 1587 2519 ‚
1642 2425 1685 2501 ὃ
1712 2426 1925 2539 scopo
1957 2447 2170 2527 atque
2203 2427 2522 2510 instituto
2543 2425 2782 2500 nostro
2797 2426 3075 2524 penitus
3103 2423 3396 2500 aberra-

904 2545 1027 2596 re:
1082 2525 1337 2598 etenim
1375 2523 1475 2598 illi
1500 2583 1524 2617 ,
1572 2547 1746 2622 quos
1768 2524 2114 2619 dicimus,
2167 2527 2242 2600 &
2270 2521 2856 2599 faciunt&facere
2871 2519 3124 2595 debent
3145 2521 3396 2598 omnia

760 2675 774 2686 .
901 2620 1233 2694 exercitia
1264 2624 1667 2696 communia
1696 2620 1780 2696 ad
1811 2645 1974 2720 qua:
2011 2622 2188 2695 inter
2233 2620 2391 2695 suos
2423 2619 2833 2718 oblssantur
2849 2667 2875 2710 ,
2927 2619 3020 2693 ita
3059 2639 3146 2694 ut
3173 2619 3395 2693 status

906 2714 1030 2787 hio
1050 2719 1301 2814 quietis
1327 2717 1413 2790 ad
1455 2719 1812 2815 privatum
1845 2719 2186 2794 duntaxat
2215 2723 2536 2818 regimen
2553 2715 2813 2816 ipe&et
2840 2773 2865 2808 ,
2915 2717 2990 2790 in
3009 2715 3092 2790 iis
3107 2739 3272 2814 qua:
3303 2713 3397 2788 li-

898 2808 1155 2887 bertati
1202 2812 1631 2917 singulorum
1686 2814 2194 2912 relinquuntur
2235 2842 2256 2887 :
2327 2815 2514 2888 unde
2545 2813 2752 2888 *nulla
2796 2813 2900 2886 est
2933 2810 3135 2886 musa.
3169 2829 3398 2912 quare

901 2908 1171 2984 mentio
1200 2933 1443 2983 eorum
1478 2911 1615 2984 huc
1640 2910 1882 2986 referri
1917 2911 2160 3009 posfit.·
2243 2913 2568 2986 Alterum
2597 2910 2732 2997 est,
2779 2933 2902 2984 eos
2920 2957 2947 2999 ‚
2975 2909 3102 3007 qui
3127 2933 3278 2982 non
3297 2931 3396 2982 ex

840 3025 853 3038 ·
904 3007 1189 3106 propria
1206 3006 1545 3082 eleffione
1572 3033 1653 3082 ae
1686 3005 2126 3084 affe&atione
2153 3063 2176 3096 ,
2223 3007 2342 3082 sed
2367 3005 2754 3082 attraffioni
2781 3003 2994 3103 ipfius
3021 3005 3162 3079 Dei
3179 3003 3398 3078 obse-

906 3123 1195 3198 quentes
1216 3105 1305 3178 ad
1335 3109 1577 3178 verum
1598 3105 2020 3204 quietudinis
2051 3105 2302 3180 statum
2323 3123 2791 3204 pervenerunt
2804 3160 2829 3197 ,
2857 3100 3074 3203 longe
3097 3123 3401 3205 promo·

902 3195 1727 3300 tiffimospuriffimosque
1749 3200 1876 3276 effi:
1895 3203 2209 3278 omnium
2233 3203 2355 3299 qui
2373 3199 2932 3276 Christianorum
2953 3219 3223 3294 nomen
3234 3221 3399 3276 me-

905 3313 1175 3371 rentur.
1228 3297 1538 3376 Instituti
1556 3299 1692 3374 mei
1714 3323 1862 3374 non
1887 3299 1988 3372 est
2019 3299 2442 3397 Apologiam
2478 3296 2919 3372 hicscribere
2935 3297 3155 3371 status
3176 3297 3396 3395 hujus

897 3390 1354 3470 sublimiffimi
1384 3448 1405 3484 ,
1454 3398 1852 3492 Qietudinis
1884 3395 2170 3494 inquam
2207 3455 2249 3488 ‚.
2283 3397 2406 3492 qui
2439 3394 2608 3472 vere
2643 3394 2744 3468 est
2785 3396 2968 3468 inter
3000 3395 3266 3504 gradus
3293 3393 3435 3469 al-'

897 3488 1185 3566 tiffimos
1210 3544 1233 3580 ‚
1282 3493 1369 3566 ad
1404 3515 1584 3592 quos
1610 3491 1914 3590 Spiritus
1939 3497 2011 3571 S.
2063 3492 2320 3569 attollit
2349 3495 2608 3566 animas
2628 3515 2798 3592 quae
2825 3491 3068 3590 mul-tis
3095 3490 3172 3564 in
3201 3491 3400 3588 peri-

814 3598 819 3603 “
852 3631 859 3638 ·
896 3589 1075 3664 culis
1109 3644 1134 3680 ‚
1183 3587 1435 3688 quibus
1469 3611 1583 3662 eas
1614 3601 1938 3688 expertus
1973 3589 2071 3665 est
2096 3644 2118 3680 ,
2169 3589 2210 3663 ὲ
2231 3589 2350 3664 lon
2403 3615 2452 3660 o
2476 3610 2800 3687 tempore
2817 3585 2940 3686 ipfi
2967 3586 3221 3664 fideles
3235 3583 3396 3678 fine-

898 3707 1070 3762 runt
1093 3735 1121 3776 ,
1172 3684 1553 3782 praesertim
1586 3683 1637 3759 fi
1668 3685 1866 3784 quies
1903 3683 2024 3760 iun
2047 3685 2239 3770 mere
2275 3713 2360 3798 pa
2442 3713 2528 3762 va
2547 3689 2626 3761 &
2649 3677 3394 3796 supinantur-alit&-

896 3779 1056 3870 stat.
1107 3782 1379 3859 Videtis
1398 3808 1480 3858 ea
1500 3783 1591 3858 de
1610 3807 1687 3856 re
1708 3785 2094 3881 Scriptores
2117 3787 2205 3858 M
2321 3809 2464 3860 reos
2485 3839 2508 3873 ‚
2533 3783 2754 3858 veluti
2769 3779 3396 3880 SJoanmem'OE'-
3522 3804 3531 3813 ·

892 3899 1175 3990 macum
1204 3935 1228 3975 ,
1271 3879 1348 3958 S.
1383 3879 1822 3999 Bernardum
1848 3933 1875 3974 ,
1919 3881 2184 3980 Kemp‘
2245 3905 2366 3959 um
2385 3931 2412 3975 ,
2461 3881 2786 3960 divinum
2809 3877 3389 4053 Rusbroclssx2
