3552 4592
898 121 1053 231 346
1138 84 1796 206 ‘Iiissurcuu
1852 110 2190 196 Unxv.
2249 50 2755 197 sec-er.
2812 110 3217 207 Anam.

896 272 971 345 ὅτ,
994 294 1079 341 eo
1110 267 1183 339 in
1219 266 1383 339 loco
1405 265 1848 342 Humanitati
1861 263 2128 341 Christi
2151 288 2306 339 eam
2329 263 2836 358 adomtionem,
2859 288 3018 364 quae
3039 262 3165 365 ipfi
3187 250 3374 355 defie-

896 390 1017 439 τω·
1054 366 1460 463 ubicunque
1486 362 1610 449 fit,
1630 362 2012 463 praestaret,
2055 360 2224 435 dum
2243 359 2458 441 fimul
2489 360 2958 437 Divinitatem
2991 366 3370 443 adoratione

898 464 1216 560 suprema
1246 512 1271 551 ‚
1324 488 1487 559 quae
1522 462 1749 535 eidem
1790 458 2105 533 {imiliter
2139 460 2338 533 omni
2378 480 2697 559 tempore
2738 462 2812 535 &
2853 460 3022 534 loco
3053 460 3372 558 debetur,

898 558 1375 710 venerareptu'r.
1464 560 1820 633 Haeccine
1857 556 2026 635 vcro
2047 557 2223 631 tanti
2247 556 2411 631 sunt
2447 578 2529 631 ut
2555 554 2794 629 orbem
2833 556 3060 632 turbis
3103 558 3382 661 implere

898 657 1197 732 debeant
1224 715 1239 730 .
1404 663 1418 675 ‘

1002 754 1205 851 Quid
1242 752 1425 827 enim
1464 754 1494 826 ?
1544 750 1828 826 Viderit
1855 749 2176 825 Christus
2199 752 2270 822 in
2307 776 2420 824 me
2450 775 2574 825 cor
2611 740 3252 851 cogitationemque
3277 774 3370 829 at·

902 866 1043 949 que
1070 855 1405 924 Amorem
1436 874 1675 923 meum
1702 848 2080 923 Divinitati
2107 848 2244 923 sua:
2269 850 2622 923 adhaerere
2649 907 2678 941 ,
2701 872 2958 960 meque
2994 846 3198 925 simul
3227 852 3373 925 Hu-

898 951 1305 1022 manitatem
1331 948 1513 1021 suam
1546 972 1623 1020 ea
1652 948 2038 1021 reverentia
2057 967 2260 1043 atque
2281 970 2518 1021 amore
2553 968 2864 1019 venerari
2893 1004 2917 1039 ,
2967 972 3196 1045 eoque
3225 948 3370 1021 ado-

900 1046 1191 1121 rationis
1212 1046 1415 1117 cultu
1439 1046 1726 1145 dignam
1758 1042 2148 1118 existimare
2168 1044 2290 1141 qui
2317 1040 2442 1141 ipfi
2463 1042 2752 1117 debetur
2775 1074 2799 1129 ς
2853 1034 3110 1120 viderit
3141 1066 3254 1117 me
3267 1070 3372 1143 pa-

903 1140 1308 1217 ratiffimum
1337 1142 1471 1216 effe
1506 1143 1593 1215 ad
1625 1140 1780 1215 haec
1818 1140 2045 1214 officia
2077 1139 2139 1213 ei
2167 1136 2554 1239 prae'standa
2589 1138 2994 1237 ubicunqpe
3029 1164 3372 1239 cumprae·

906 1237 1173 1315 sentem
1196 1240 1331 1313 effe
1348 1238 1614 1313 scivero
1634 1297 1661 1331 ‚
1698 1262 1954 1334 meque
1976 1235 2213 1311 eadem
2243 1236 2452 1310 nullis
2479 1236 2687 1311 rebus
2709 1236 2860 1311 aliis
2885 1238 3215 1313 exhibere
3235 1239 3372 1315 vel-

898 1335 1020 1425 ie3
1072 1334 1325 1411 viderit
1354 1360 1469 1409 me
1494 1395 1518 1430 ‚
1570 1335 1697 1433 qui
1736 1335 1923 1407 bona
1973 1330 2112 1407 fide
2145 1330 2516 1431 persuafixs0
2544 1332 2694 1409 sum
2729 1358 2889 1409 eum
2928 1334 3060 1409 illo
3109 1336 3179 1408 in
3231 1336 3372 1411 loco

902 1431 1169 1523 adeffe,
1222 1458 1459 1508 amore
1494 1490 1521 1525 ,
1584 1456 1739 1531 quo
1776 1428 2005 1529 ipsum
2055 1432 2492 1531 comple&or
2530 1489 2553 1522 ,
2615 1433 3004 1507 animatum
3031 1481 3058 1521 ,
3112 1430 3232 1531 ipfi
3261 1434 3370 1507 soli

903 1532 1095 1609 hunc
1129 1528 1549 1604 adorationis
1571 1528 1844 1602 cultum
1867 1526 2200 1602 exhibere
2229 1528 2443 1626 qnerfi
2477 1529 2702 1601 anima
2739 1556 2890 1603 moe
2921 1554 3084 1623 vere
3113 1531 3198 1605 ad
3225 1554 3372 1605 eum

905 1625 1237 1723 tanquiim
1260 1626 1521 1699 ibidem
1550 1626 1954 1723 praesentem
1977 1625 2109 1697 diri
2171 1624 2223 1699 it
2247 1682 2271 1719 ,
2297 1648 2504 1727 quem
2561 1648 2650 1699 uc
2682 1648 2942 1722 corpus
2959 1648 3188 1699 meum
3211 1624 3374 1704 fimi-

905 1724 1071 1797 }iter
1098 1723 1348 1797 animae
1369 1724 1663 1820 imperio
1685 1722 2015 1795 obediens
2043 1650 2272 1795 eiffem
2303 1744 2470 1796 cont
2610 1741 2767 1815 tur,
2789 1746 3189 1822 quanquam
3217 1724 3376 1799 alio·
3452 1803 3469 1822 ,

908 1820 1033 1918 qui
1077 1818 1127 1892 fi
1156 1820 1457 1892 eundem
1490 1818 1583 1890 ibi
1626 1816 2042 1917 praesentem
2071 1844 2218 1893 non
2251 1819 2389 1892 effe
2419 1818 2666 1893 scirem
2697 1877 2724 1910 ‚
2783 1839 3078 1900 externo
3119 1820 3250 1893 hoc
3273 1818 3374 1909 ,Γι-

964 1942 1104 2007 no,
1152 1939 1497 2014 quatenus
1538 1914 1625 1987 ad
1656 1918 1844 1989 hunc
1898 1915 2138 1989 locum
2181 1915 2484 1991 refertur
2515 1974 2537 2009 ,
2614 1915 2912 1991 omnino
2951 1916 3369 1991 abstinerem.

906 1941 1194 2089 §fiderit
1223 2013 1509 2111 inquam
1548 2012 1867 2087 Christus
1901 2012 1978 2086 in
2014 2012 2338 2087 omnibus
2359 2012 2498 2087 istis
2527 2011 2986 2089 sinceritatem
3007 2010 3234 2087 cordis
3247 2013 3372 2087 mei

907 2109 1228 2205 legitime
1261 2134 1425 2209 erga
1458 2106 1691 2206 ipsum·
1716 2106 1946 2182 affeffi
1975 2164 1998 2201 ,
2051 2112 2126 2184 δε
2159 2108 2614 2185 nihilominus
2661 2134 2775 2183 me
2813 2110 3240 2183 idololatram
3275 2134 3374 2185 re-

910 2205 1191 2304 putabit
1217 2208 1293 2283 &c
1337 2229 1618 2281 aeternae
1657 2204 1872 2280 morti
1913 2230 2000 2279 co
2024 2205 2308 2281 nomine
2328 2205 2722 2281 obnoxium
2743 2207 3024 2281 credet?
3053 2206 3244 2283 Ecce
3263 2230 3370 2281 ve-

784 2341 799 2358 x
908 2327 992 2378 ro
1024 2327 1105 2377 ut
1128 2305 1211 2378 ad
1228 2324 1545 2378 extrema
1566 2303 1786 2401 rapiat
1806 2301 2176 2378 hominum
2209 2325 2481 2380 mentes
2510 2303 2834 2405 litigandi
2861 2303 3114 2380 ardor!
3165 2307 3378 2382 uthoc
3467 2332 3480 2349 ·

910 2401 1121 2498 paeto
1149 2397 1503 2500 saepiffime
1532 2424 1676 2476 non
1706 2397 1978 2473 tantiam
1997 2401 2038 2475 ὲ
2059 2401 2394 2476 charitate
2407 2403 2698 2478 veritate
2750 2427 2840 2476 ue
2859 2454 2882 2490 ,
2905 2401 3014 2476 {ed
3033 2404 3108 2478 δε
3131 2402 3220 2478 ab
3251 2399 3374 2502 ipsa

911 2500 1177 2574 ratione
1211 2499 1287 2573 δε
1308 2498 1397 2572 ab
1435 2497 1653 2582 omni,
1684 2497 1992 2598 veritatis
2019 2497 2239 2595 specie
2275 2501 2398 2572 lon
2455 2497 2662 2574 iffime
2693 2425 3013 2576 Qerrent
3045 2514 3060 2576 !
3117 2499 3374 2576 Scilicet

908 2619 1048 2694 ego
1081 2619 1243 2670 vere
1270 2595 1556 2669 Christo
1585 2592 1816 2668 dicere
1841 2597 2136 2694 poss‘em,
2181 2523 2462 2685 „Nosffi
2481 2655 2505 2686 ,
2533 2597 3028 2687 Domine‚cor
3052 2618 3373 2695 atqueco·

912 2741 961 2784 ,‚
980 2693 1393 2792 gitationem
1426 2716 1651 2766 meam
1689 2692 1729 2764 a
1751 2693 1870 2778 Te
1901 2693 2194 2768 minime
2225 2691 2537 2766 abfiiiss‘e.
2603 2695 2766 2790 Ego
2786 2693 2966 2768 bona
2993 2693 3133 2766 fide
3154 2697 3228 2768 &
3255 2691 3374 2766 fin·

914 2813 1145 2881 „cero
1182 2787 1393 2862 corde
1423 2787 1521 2863 ob
1552 2787 1764 2862 verba
1805 2810 1924 2862 tua
1969 2789 2293 2864 divinum
2335 2790 2488 2862 Cor
2539 2815 2619 2863 us
2661 2811 2866 2864 tuum
2909 2787 3372 2888 illicapraesens

908 2885 1201 2976 „adesse
1236 2883 1539 2960 credidi:
1596 2883 1900 2983 indeque
1931 2911 2170 2960 amore
2197 2907 2428 2983 atque·
2522 2887 2843 2960 oratione
2863 2891 3162 2980 interna,
3183 2903 3376 2986 quam

908 2982 1109 3069 „tibi
1140 3003 1537 3080 perpetuam
1568 2980 1808 3072 servo,
1860 3002 2135 3072 motuS,
2187 2981 2257 3062 id
2303 2983 2526 3080 ipsum
2565 2981 2768 3082 figno
2801 3003 3100 3060 externo
3133 2987 3375 3058 hacoc-

906 3127 963 3170 „
982 3077 1249 3152 cafione
1282 3079 1439 3153 data
1464 3079 1886 3154 contestatus
1921 3077 2026 3153 fui
2045 3129 2070 3169 ‚
2121 3081 2626 3178 cogitationem
2656 3102 2867 3179 atque
2897 3103 3024 3153 cor
3047 3103 3274 3158 meum
3299 3073 3374 3152 ad

917 3231 971 3268 ,2
1000 3177 1117 3250 Te
1134 3173 1398 3274 semper
1418 3173 1725 3250 ereetum
1746 3200 2022 3275 gerens.
2075 3175 2298 3276 Quod
2319 3173 2369 3248 fi
2397 3179 2578 3250 circa
2595 3177 2834 3252 locum
2855 3177 3232 3276 praesentiae
3251 3197 3376 3250 ωε

919 3329 975 3365 ,,
998 3272 1377 3371 corporalis
1412 3275 1670 3363 erravi,
1722 3272 1907 3347 nosti
1948 3293 2184 3347 tamen
2226 3275 2303 3348 in
2337 3259 2728 3350 intentione
2752 3334 2779 3369 ,
2831 3274 2902 3349 in
2925 3275 3133 3350 corde
3149 3297 3228 3350 ac
3251 3271 3376 3348 fide

919 3428 974 3462 „
999 3394 1190 3463 mea,
1240 3371 1353 3444 Te
1401 3368 1623 3446 solum
1652 3371 1826 3444 mihi
1869 3369 2072 3444 fuisse
2101 3367 2523 3446 adorationis
2567 3393 2744 3447 meae
2793 3369 3178 3467 objefflmm.
3263 3371 3374 3444 Tu

910 3465 1177 3561 „solus
1220 3469 1462 3566 utique
1512 3466 1702 3541 fuisti
1753 3467 2003 3542 animae
2051 3491 2226 3540 meae
2268 3467 2686 3566 principium
2727 3529 2750 3561 ‚
2802 3469 3158 3564 intentio,
3205 3463 3379 3550 cauti

912 3613 963 3655 „
986 3587 1327 3658 movens,
1382 3561 1884 3662 objeRumque
1917 3566 1992 3640 &
2019 3567 2292 3664 scopus.
2359 3567 2458 3638 At
2483 3565 2604 3639 ine
2637 3565 2883 3641 contri
2919 3567 3094 3640 mihi
3119 3565 3236 3641 res
3309 3585 3378 3636 n·

914 3661 1112 3735 deret
1138 3719 1159 3753 ,
1214 3663 1358 3736 Abi
1399 3663 1721 3733 maledifle
1744 3669 1810 3732 in
1835 3671 2036 3760 ignem
2065 3663 2478 3754 .aeternum=(i8
2513 3661 2700 3737 enim
2745 3665 2948 3738 locus
2975 3665 3076 3738 e'st
3111 3591 3312 3742 idossq
3339 3687 3380 3732 υ·

850 3812 872 3830 .
914 3759 1037 3832 tris
1071 3779 1496 3874 praeparatus
1517 3755 1593 3850 ‚)
1634 3757 1710 3833 δε
1742 3759 2028 3856 quidem
2065 3757 2138 3833 id
2175 3784 2305 3858 pro
2359 3779 2464 3833 ter
2495 3783 2801 3835 errorem
2823 3759 3269 3852 leviffimum',
3339 3771 3378 3835 lt

918 3853 1153 3952 potius
1188 3875 1481 3956 propter
1514 3851 1831 3932 officium.
1857 3849 2074 3958 loiige
2095 3853 2264 3958 justi
2423 3879 2655 3952 umssc
2679 3857 2982 3936 maxime
3003 3859 3284 3961 legitinm
3337 3873 3378 4021 11³

1997 3975 2005 3982 .
3201 3978 3292 4052 qu·
